3917 6467
426 1086 492 1149 4¹⁴
794 1084 1162 1152 ANNOEATIONES

425 1253 530 1319 litum.
574 1254 629 1316 Aa
648 1253 1519 1342 heedvdoeim,qmmdosrsnfi,dooeubn

426 1355 696 1422 malefonti
712 1359 1049 1440 montesjnxtasitoa
1095 1357 1289 1423 Hinenm
1306 1358 1522 1423 fiberidetur

426 1458 544 1524 Jsoobi
559 1457 710 1523 Palmsrii
725 1481 821 1543 super
834 1459 1523 1544 laeuAsphnltitetnimdvenioinHisrdl

430 1558 853 1645 Olem.vol.x.tom.i.p.
872 1561 1403 1649 254ubisaleshisloeisuegat

472 1664 510 1726 P.
528 1661 638 1729 mal.
657 1682 707 1725 10.
722 1664 798 1726 ἔνθα
816 1661 840 1726 δ’
856 1664 896 1727 ἂν
917 1665 1028 1742 tupris
1050 1666 1170 1751 εὑρεθῇ,
1186 1665 1307 1730 κόπω
1328 1667 1426 1731 πλέον
1444 1669 1525 1747 sipir-

429 1790 512 1831 οσον
530 1765 748 1848 θολερωτάτον]
771 1766 809 1829 ai
828 1787 888 1850 pru
908 1766 955 1837 ἂν,
972 1778 1006 1829 et
1028 1767 1126 1837 attin
1142 1766 1177 1829 ld
1200 1767 1293 1850 quod
1313 1768 1411 1833 theat
1428 1769 1525 1853 asyn-

428 1866 517 1943 οθ110,
533 1876 606 1952 post
625 1866 731 1943 πλέον,
746 1866 847 1931 edidit
864 1866 1016 1951 Scaliger.
1060 1868 1161 1952 Apud
1178 1869 1360 1933 Cadm-
1381 1872 1465 1935 aidis
1482 1892 1525 1934 ex·

399 1954 481 2035 ’τα
499 1968 568 2032 aa
591 1970 806 2048 annam.
854 1970 906 2032 oe
924 1968 1082 2033 meana
1102 1969 1525 2056 tarwanam

429 2071 484 2136 lib.
509 2093 537 2135 r.
561 2071 760 2154 Tacitusque
783 2070 868 2134 Istat.
889 2071 945 2134 ht.
972 2094 1001 2135 τ.
1025 2093 1163 2156 quornm
1191 2075 1403 2139 narrationes
1428 2076 1526 2138 ilsun-

430 2172 548 2237 drellus
568 2171 590 2235 1.
606 2195 634 2237 α.
649 2173 770 2257 profert
790 2172 946 2257 ridetque.
993 2178 1151 2237 Attamen
1167 2175 1310 2239 conferri
1324 2186 1464 2241 meretur
1476 2175 1525 2240 lm

430 2274 582 2360 signanus
592 2275 688 2338 modo
698 2274 928 2360 addaotn«‚qui
942 2276 1104 2339 mentione
1118 2275 1208 2338 laeta
1222 2277 1267 2340 de
1282 2277 1378 2341 malis
1391 2278 1526 2362 rnalirque

431 2381 554 2468 pnnieis
564 2382 661 2462 juxta
675 2381 736 2444 hoe
750 2402 839 2444 arare
856 2382 987 2445 consitis
1001 2382 1058 2446 ait
1073 2381 1200 2466 opinari
1220 2403 1259 2445 se
1278 2382 1406 2448 fruetus
1425 2404 1524 2457 eorum.

431 2491 605 2568 antequam
629 2491 859 2557 matorenmnt
884 2483 1015 2549 flantes
1039 2483 1141 2548 austri
1167 2484 1355 2568 praefervidi
1384 2485 1524 2569 eorrumpi

432 2584 555 2650 solitos.

477 2686 596 2751 Ibidl
615 2708 667 2754 12.
682 2687 771 2767 λήγει
784 2686 833 2772 τε]
851 2687 962 2751 Habet
976 2690 1009 2750 δὲ
1025 2709 1083 2770 pro
1097 2690 1130 2749 τὲ
1147 2687 1302 2771 Scaliger,
1318 2690 1375 2773 qui
1394 2701 1428 2753 et
1447 2689 1524 2774 poulo

433 2800 506 2875 post
527 2790 651 2854 omittit
667 2793 705 2852 ri
726 2797 803 2852 aute
825 2791 957 2852 ἐναντία.
1001 2787 1203 2852 Exhalentur
1218 2810 1296 2853 rere
1317 2790 1524 2855 subsidente

433 2891 522 2957 oeins
535 2891 631 2957 solito
647 2892 699 2955 hae
717 2913 811 2976 aquae
830 2913 956 2954 neeesse
974 2899 1038 2965 est,
1052 2900 1110 2954 aut
1130 2892 1267 2955 oeeultis
1288 2894 1474 2977 quibusdam
1490 2894 1524 2956 el·

433 2992 536 3058 fluant
551 2993 718 3068 meatibus,
734 2993 850 3078 quippe
863 3014 936 3077 quae
953 2990 1031 3054 nihil
1050 3002 1210 3077 augentur
1228 3015 1365 3058 aeeessu
1384 3002 1452 3059 tum
1463 2993 1524 3056 Jor-

434 3094 527 3160 danis
546 3096 653 3181 magni
674 3094 927 3180 rapidissimique
948 3094 1108 3157 interdum
1130 3094 1227 3169 fluvii,
1243 3103 1316 3158 tum
1335 3095 1524 3180 plurimorum

434 3196 513 3262 item
539 3197 738 3269 torrentium,
766 3216 845 3279 quos
869 3203 1133 3257 commemoratos
1158 3193 1260 3256 habes
1288 3215 1310 3256 a
1336 3193 1476 3257 Relando
1498 3193 1524 3254 in

436 3298 610 3363 Palmam
637 3320 696 3361 sua
717 3318 786 3381 eap.
803 3318 855 3374 44.
902 3295 946 3359 Et
967 3295 1122 3370 suanias,
1138 3296 1171 3358 in
1187 3295 1257 3359 loeo
1273 3298 1373 3361 modo
1393 3297 1524 3367 adducta

435 3402 477 3466 ad
494 3399 570 3464 nihil
585 3399 670 3462 aliud
691 3399 914 3461 recurrendum
935 3419 1004 3460 esse
1023 3396 1055 3458 in
1075 3397 1136 3460 hae
1156 3419 1191 3459 re
1211 3396 1406 3481 explieanda
1424 3407 1525 3469 eeneet,

436 3512 554 3590 praetor
564 3501 690 3585 vaporis
705 3523 723 3564 e
737 3501 817 3563 mari
833 3511 961 3562 mortuo
975 3499 1220 3576 exhalationem,
1234 3522 1308 3582 quae
1324 3500 1465 3583 quotidie
1477 3499 1524 3567 fit;

437 3606 527 3689 eujus
553 3602 764 3688 quantitatem
793 3610 978 3685 computare
1007 3600 1124 3663 ibidem
1149 3601 1349 3684 aggreditur,
1376 3599 1527 3665 vindicatis

437 3715 549 3792 postea
574 3704 751 3768 rationibus
772 3704 837 3765 suis
859 3704 890 3765 in
914 3703 974 3765 vol.
998 3703 1110 3786 Operis
1132 3701 1180 3764 sui
1204 3704 1356 3766 seeundo.
1403 3703 1482 3766 Vide
1501 3718 1527 3763 et

438 3807 603 3872 Volneium
619 3806 702 3870 idem
714 3807 817 3890 ipsum
829 3814 1023 3869 statuentem
1039 3804 1071 3866 in
1082 3804 1163 3866 libro
1174 3825 1272 3887 supra
1283 3814 1527 3871 commemorato.

438 3909 498 3972 vol.
515 3908 541 3971 Ι.
558 3930 626 3992 ααρ.
645 3926 694 3970 20.
710 3914 788 3969 seet.
806 3909 836 3967 6.
885 3904 986 3968 Paulo
1005 3915 1077 3988 post
1100 3908 1117 3967 ὁ
1139 3907 1230 3971 τόπος
1251 3929 1312 3990 pro
1334 3908 1391 3970 τὸν
1412 3905 1530 3983 ποταμὸν

439 4010 536 4074 habet
559 4009 718 4081 (latreum,
742 4007 792 4070 eui
815 4007 941 4090 quidem
963 4008 1152 4072 adversatur
1173 4006 1250 4069 illud
1273 4011 1342 4087 παρ’
1367 4010 1440 4095 αὐτῇ
1461 4007 1530 4070 inlra

438 4112 492 4176 lin.
514 4133 561 4189 ¹4·
578 4111 631 4175 ubi
648 4109 844 4193 intelligatur
860 4117 987 4193 oportet
1002 4111 1019 4186 ἡ
1035 4109 1188 4172 θάλασσα.

486 4214 567 4277 Ibid.
583 4214 603 4276 1.
626 4233 671 4295 13.
688 4214 714 4275 τὶ
737 4214 769 4274 δὲ
793 4212 833 4289 μὴ
854 4210 1008 4291 Ἰορδάνην
1030 4212 1093 4292 εἶχε
1121 4210 1173 4273 τὸν
1200 4211 1335 4286 ποταμὸν
1359 4213 1480 4290 τροφὴν,
1500 4211 1531 4273 io

439 4317 595 4396 πορφύραν
619 4312 827 4395 διατρέχοντα]
854 4315 978 4376 Goarus
1001 4313 1033 4375 in
1059 4312 1281 4377 enumerandis
1305 4312 1384 4375 loeis
1409 4309 1531 4396 Syneelli

439 4418 559 4493 textus,
577 4437 656 4499 quos
676 4415 724 4478 ait
748 4437 768 4478 a
783 4414 944 4498 Sealigero
964 4415 1061 4478 fuisse
1075 4413 1205 4477 vitiatos
1225 4420 1259 4476 et
1279 4423 1459 4497 corruptos,
1475 4415 1532 4475 hee

440 4517 570 4593 seriam
604 4525 624 4554 “
643 4516 809 4601 Expungit
831 4516 972 4601 Scaliger
998 4517 1113 4597 τροφὴν
1138 4514 1349 4577 neeessariam
1371 4515 1532 4578 dictionem

439 4628 460 4657 “
478 4642 549 4705 pag.
572 4627 681 4683 textus
704 4619 820 4682 Euseb.
846 4637 897 4682 νο.
920 4619 996 4682 ibid.
1020 4617 1218 4697 διατρέφοντα
1244 4617 1402 4699 pervertit
1428 4616 1460 4678 in
1480 4621 1532 4679 δια·

441 4731 463 4760 “
479 4723 653 4804 τρέχοντα.”
698 4721 790 4801 Quod
816 4743 890 4784 vero
916 4722 956 4785 ad
984 4719 1190 4804 posteriorem
1213 4739 1322 4780 vocem
1348 4717 1533 4800 διατρέχοντα

440 4823 570 4896 attinet,
586 4830 678 4886 extat
697 4823 750 4886 illa
770 4824 855 4906 apud
873 4823 1038 4886 Cedrmmm
1057 4830 1155 4904 atque
1174 4819 1206 4881 in
1222 4820 1318 4883 MSto
1340 4819 1437 4882 altero
1451 4819 1534 4881 Pori-

439 4925 539 4999 siemi,
555 4931 652 5008 atque
669 4924 717 4987 ita
737 4932 899 4987 correctus
918 4925 979 4988 suit
991 4923 1084 5007 prim·
1100 4922 1221 4985 MStaa
1269 4921 1396 4983 Goarus
1416 4920 1534 5004 quidem

440 5028 546 5105 vortit,
557 5037 584 5091 et
597 5029 660 5091 aiei
673 5027 840 5090 Jordamm
854 5027 898 5089 od
911 5028 1012 5090 imtar
1022 5025 1137 5089 eenole
1151 5023 1315 5086 nutritiam
1328 5033 1357 5086 et
1370 5025 1534 5086 matianum

440 5129 589 5194 hamorem
610 5126 882 5192 subministrantem
904 5127 1031 5192 laboret.
1079 5127 1148 5211 Ego
1170 5126 1294 5189 interea
1309 5126 1406 5189 verbo
1428 5124 1531 5202 ὃιατρέ·
