3917 6467
429 1087 495 1147 382
804 1087 1184 1151 ANNOTATIONES

474 1249 514 1310 P.
533 1265 604 1329 247.
619 1248 640 1311 l.
659 1268 686 1310 ι.
706 1249 764 1312 ὑπὸ
787 1251 991 1330 lacerandum
1013 1251 1183 1332 ὅιαρῐαγεὶε
1203 1249 1361 1334 διεφθάρη]
1384 1250 1498 1315 Ensis

428 1349 517 1433 apud
531 1349 662 1431 Syacoll.
677 1350 734 1413 ὑπὸ
744 1348 852 1414 'lanea
867 1353 899 1414 δὲ
919 1351 1125 1430 lacerandum
1143 1350 1293 1430 ἡρπάσθη,
1309 1351 1406 1415 edidit
1418 1359 1500 1416 aulen

429 1449 571 1534 Scaliger
590 1450 622 1514 in
637 1449 816 1514 Eaecliaaab
835 1451 901 1515 suis
920 1474 952 1536 p.
975 1472 1027 1530 14.
1042 1451 1100 1516 ὑπὸ
1115 1454 1148 1515 δὲ
1163 1451 1371 1530 tumtum
1383 1453 1501 1532 ἡρπάσθη.

430 1550 597 1615 consentit
616 1551 729 1615 Versio
745 1553 909 1617 Armenia.
955 1553 1047 1618 Idem
1064 1552 1207 1634 Scaliger
1220 1553 1405 1635 Africanam
1418 1553 1502 1617 lectari

429 1652 545 1717 asten·
572 1653 713 1734 ἁρπαγεὶς
742 1676 800 1738 pro
826 1657 998 1737 bmprayris
1019 1655 1136 1739 posuit.
1181 1655 1503 1734 Mcndose‘lncrdaa

430 1755 563 1840 Syacdli
577 1765 682 1831 tenus,
698 1758 783 1840 quod
798 1765 906 1821 tamen
920 1758 1060 1822 correxit
1073 1758 1116 1822 ad
1129 1780 1232 1843 marg.
1249 1759 1385 1823 cosma

473 1856 557 1920 Ibid.
572 1856 594 1918 l.
607 1876 639 1939 3.
657 1855 729 1941 νζ]
746 1859 859 1922 Aunes
874 1865 1001 1923 tautum
1018 1875 1068 1941 27.
1084 1858 1212 1923 Emotis·
1225 1861 1360 1943 Dym.
1376 1860 1473 1924 lubet

473 1957 555 2020 Ibid.
573 1956 592 2019 l.
610 1959 640 2020 6.
659 1958 819 2043 Κενκένης]
848 1960 1008 2039 Κενικένηι
1028 1960 1062 2024 in
1075 1962 1231 2044 Africano
1252 1984 1313 2025 suc
1331 1961 1504 2046 Scaliger‚iu

428 2058 558 2124 Eusebio
584 2081 642 2122 suo
667 2061 825 2140 Κερκένης.
870 2061 935 2124 Sed
960 2062 1108 2141 Κενεένηι
1131 2061 1296 2146 Synccllus
1320 2070 1355 2127 et
1378 2063 1505 2126 Armis

429 2161 579 2226 Chronici
595 2161 767 2225 Eusebiaui
784 2161 1023 2247 Interpretatio.

473 2262 558 2325 Ibid.
574 2262 595 2324 l.
612 2265 643 2325 6.
660 2264 710 2341 ἔτη
733 2260 812 2348 λα’.]
839 2264 889 2342 ἔπι
913 2261 972 2327 ld.
987 2261 1186 2328 Ermamox
1211 2263 1295 2327 ι’ἅοιιι
1316 2263 1379 2342 μβ.
1394 2283 1448 2347 pro
1464 2260 1505 2342 ιγ’.

473 2364 555 2426 Ibid.
566 2362 588 2424 l.
603 2364 632 2426 8.
645 2366 697 2428 τὰς
711 2365 778 2443 περὶ
795 2366 949 2446 Κωχῶμην
965 2365 1065 2445 ἤγειρε
1079 2364 1255 2448 πυραμίδας]
1271 2364 1362 2428 Male
1376 2365 1461 2428 abest
1469 2367 1505 2428 tlt

427 2487 449 2529 a
463 2475 542 2528 tecta
557 2463 690 2547 &ancelli
707 2464 851 2536 Goarino,
868 2464 901 2526 iu
915 2485 977 2548 quc
993 2471 1085 2528 extat
1100 2469 1179 2546 παρὰ
1193 2486 1253 2548 pro
1267 2467 1347 2547 περὶ,
1359 2466 1413 2529 sed
1426 2464 1506 2528 locum

428 2566 513 2630 edidi
536 2573 664 2629 secutus
688 2564 894 2648 Scaligmnm,
910 2565 1110 2630 firmantibus
1129 2573 1196 2630 tam
1211 2568 1255 2629 M
1255 2569 1311 2631 Sto
1330 2577 1446 2652 raroque
1458 2567 1506 2629 Pa

426 2668 550 2731 Μ’θιιιὶ
575 2688 671 2751 quam
690 2665 830 2729 Eusebia.
875 2669 1028 2748 Κωχῶνην
1053 2689 1124 2730 cum
1148 2693 1166 2730 u
1189 2667 1289 2732 habet
1314 2669 1441 2732 Eusebii
1459 2667 1508 2750 Dy-

426 2770 544 2833 uastia.
589 2768 649 2831 Ait
665 2767 898 2851 eldabbonsld
913 2767 946 2830 iu
960 2769 1178 2832 Diamcticm
1191 2770 1230 2833 de
1242 2778 1329 2832 tom
1345 2772 1439 2833 Genea
1450 2766 1507 2832 rii

427 2891 458 2953 3.
471 2891 502 2953 p.
515 2889 587 2953 193.
611 2869 820 2952 “Postquam
837 2868 1041 2932 Mamhamus
1055 2868 1106 2933 De
1120 2869 1250 2933 Oenone
1265 2871 1421 2934 Chronico
1434 2894 1464 2955 p.
1470 2872 1509 2948 4⁶·

429 2978 450 3008 “
466 2970 650 3046 monuisset,
676 2991 697 3032 α
727 2968 871 3053 Syncello
897 2971 1136 3033 commemorari
1163 2970 1357 3048 Cochomen,
1381 2971 1510 3043 addebat

430 3081 451 3112 “
468 3073 562 3136 ‘ch
574 3071 743 3147 Occhome
754 3070 803 3133 vel
815 3077 853 3134 ut
866 3069 1033 3147 Eusebius,
1048 3073 1179 3153 Κωχῶνη
1188 3071 1242 3134 vix
1252 3073 1331 3135 alibi
1342 3073 1463 3158 legitur,
1474 3092 1511 3134 uc·

428 3181 450 3210 ‘⁸
466 3195 527 3258 que
556 3172 657 3256 liquet
687 3172 832 3256 quisnam
861 3171 904 3235 sit
933 3172 994 3236 iste
1017 3173 1155 3258 AEgypti
1184 3173 1291 3237 locus?
1348 3174 1430 3238 Mihi
1455 3193 1512 3237 ren

430 3284 449 3312 “
466 3282 588 3339 certum
603 3282 664 3350 est,
682 3275 834 3356 Κωχῶινηιν
849 3295 918 3336 esse
935 3274 1040 3351 Genea,
1056 3296 1153 3358 penes
1168 3296 1264 3358 quam
1278 3283 1395 3339 auctor
1413 3276 1462 3339 illc
1474 3296 1513 3338 au

427 3386 450 3415 “
465 3377 585 3462 tiquus‚
607 3379 696 3460 cujus
721 3376 819 3439 verba
843 3376 1010 3460 exscripsit
1038 3377 1204 3452 Manetho,
1232 3378 1417 3461 pyramidas
1438 3377 1514 3448 locst

429 3485 449 3515 “
467 3500 529 3540 nen
554 3499 643 3540 secus
668 3498 707 3539 ac
732 3476 854 3539 Plinius
881 3477 935 3560 qui
960 3477 1033 3540 Lib.
1049 3477 1093 3541 V.
1111 3499 1179 3561 cap.
1197 3497 1226 3559 9.
1245 3478 1309 3541 fine
1336 3479 1417 3541 inter
1438 3479 1515 3539 Μιιι

430 3579 559 3663 “phisn,
578 3577 733 3661 inquitet
753 3579 930 3641 Arsinoiten
949 3601 1055 3642 acmen
1075 3580 1108 3641 ia
1129 3577 1244 3662 Libyco
1263 3588 1375 3652 tunes,
1392 3601 1458 3664 qaoe
1472 3598 1515 3662 pr

429 3691 451 3719 ‘⁸
467 3681 599 3744 ramidcs
627 3681 802 3743 accuratur?
847 3681 948 3743 Urbis
974 3681 1132 3744 Onchome
1159 3702 1213 3743 seu
1241 3681 1391 3744 Oochcue
1422 3699 1516 3742 nomeu

429 3782 568 3846 invenire
589 3803 745 3865 nusquam
760 3783 861 3865 potui,
876 3784 932 3845 sed
948 3782 1056 3846 multae
1072 3783 1104 3844 iu
1118 3783 1247 3846 deserto
1262 3784 1445 3867 pyramides
1463 3802 1515 3844 ma

429 3892 508 3947 nent
531 3884 635 3946 adhuc
659 3891 777 3966 praeter
800 3891 867 3946 trcs
890 3884 967 3959 illas,
985 3906 1066 3967 quae,
1083 3891 1119 3946 ut
1143 3885 1190 3947 ait
1212 3884 1336 3947 Plinius
1360 3885 1465 3947 xxxvi.
1483 3900 1516 3945 ιι.

428 3985 527 4049 orbem
541 3996 695 4048 terraram
708 3985 866 4068 implevere
873 3988 977 4068 sama.

474 4086 556 4149 Ibid.
571 4086 591 4148 l.
615 4107 662 4148 10.
685 4086 895 4168 Οὐσαφαῖδος]
924 4091 1076 4166 Σαφαῖὸος
1100 4087 1249 4170 Scaliym'
1273 4088 1455 4170 Africanas,
1477 4081 1518 4147 sed

428 4188 598 4269 Οὐσαφαὴς
612 4185 791 4250 Eusebium
806 4186 971 4268 Bannatia,
984 4186 1038 4249 ubi
1054 4188 1214 4268 Οὐσαφαὶς
1228 4190 1305 4252 MS.
1319 4188 1455 4271 Syncelli
1469 4188 1518 4249 Pr

430 4289 548 4352 ricinus
564 4289 651 4351 altor.

474 4390 557 4452 Ibid.
575 4391 625 4467 ἔτη
641 4387 690 4472 κ’.]
708 4389 757 4466 ἔτη
772 4388 805 4451 ε’.
821 4389 972 4472 Scaliycri
986 4388 1142 4452 Emobitct.

475 4490 558 4553 Ibid.
577 4491 598 4553 l.
626 4512 671 4552 11.
695 4491 820 4576 Νιεβὲς]
845 4490 899 4553 Ita
922 4492 996 4554 MS.
1021 4493 1129 4554 Paris.
1149 4492 1240 4574 prior
1262 4499 1296 4554 et
1318 4490 1430 4554 Eascb.
1452 4485 1522 4575 apud

431 4592 560 4674 Syncell.
575 4593 630 4654 sed
653 4592 752 4655 edidit
777 4592 917 4676 Scaliger
939 4592 971 4654 iu
993 4592 1121 4655 Eusebio
1147 4613 1204 4654 suo
1234 4593 1364 4671 Μιεβής.
1410 4589 1522 4671 Νιεβαῐι

431 4693 507 4755 MS.
524 4693 631 4753 Paris.
647 4691 733 4764 alter,
749 4712 832 4753 nunc
847 4692 1066 4754 consentiente
1089 4691 1228 4753 Vemione
1244 4692 1443 4754 Ανηιοιιίααα.
1472 4688 1522 4755 sed

431 4793 562 4875 Syncclli
589 4802 681 4868 cattas,
699 4813 791 4875 quem
806 4792 936 4867 mutavi,
954 4803 987 4855 et
1004 4792 1144 4876 Scaliger
1163 4792 1195 4853 in
1215 4793 1366 4873 Asmcano
1381 4793 1521 4870 Μιεβιδός.

476 4894 556 4957 Ibid.
573 4893 592 4955 l.
612 4891 661 4970 1'4.
677 4893 835 4975 Βιηνεχὴς]
861 4892 916 4957 Ita
935 4893 1018 4956 Stel.
1036 4901 1069 4956 et
1084 4893 1202 4956 MSSti
1216 4894 1373 4970 Parisini,
1389 4892 1522 4974 Βιηναχὴς

431 4998 505 5059 olim
518 4995 652 5079 Syacclli
666 5005 769 5071 tanae,
780 5017 862 5057 nunc
874 5017 949 5057 vero
961 4995 1116 5076 Βιηνεχής.
1150 4995 1320 5073 Οὐβιένθης
1335 4992 1443 5058 Esset.
1454 4996 1520 5076 Sys·

430 5099 507 5176 calli,
524 5099 578 5162 sed
595 5097 695 5161 edidit
710 5097 752 5160 ibi
769 5096 850 5161 Scal.
867 5096 1043 5175 Οὐβιέυτης.
1084 5095 1233 5160 Vibethis
1250 5097 1359 5160 Vereis
1374 5095 1518 5159 Amaia.
