3917 6467
424 1098 490 1164 492
791 1090 1153 1158 ANNOTATIONES

469 1268 508 1330 P.
525 1287 600 1352 304.
623 1266 643 1329 l.
663 1286 711 1345 ¹4·
727 1267 848 1328 ὀνίναται
863 1267 896 1328 οὶ
912 1265 961 1328 καὶ
975 1265 994 1343 ἡ
1007 1264 1061 1343 μία
1076 1263 1149 1346 tre]
1169 1258 1374 1325 Particulam
1389 1260 1445 1333 rai,
1458 1279 1520 1344 qim

423 1369 517 1433 abest
531 1390 552 1431 a
566 1367 702 1451 Syncclli
717 1376 821 1444 textu,
836 1366 1006 1430 addiderat
1021 1365 1172 1450 Scaliger,
1188 1363 1343 1428 firmante
1358 1382 1440 1426 nuno
1451 1371 1522 1425 aba

424 1493 481 1557 que
508 1470 684 1534 Parieimi
711 1470 815 1543 Μβίο,
845 1469 902 1532 sed
931 1471 964 1530 δὲ
992 1467 1044 1530 ille
1073 1465 1191 1531 omisit.
1254 1465 1338 1529 Mox
1366 1463 1523 1530 mticulum

424 1573 479 1636 τὸν
492 1571 584 1635 uobis
602 1571 824 1656 pratitemnt
841 1580 917 1633 aute
933 1571 1161 1648 ἐπιζητούμενον
1174 1568 1263 1633 idem
1279 1566 1424 1652 Scaliger
1436 1574 1523 1650 atque

425 1675 537 1737 atara
557 1673 641 1737 alter
655 1671 855 1736 Pcriaicaaia.
902 1671 996 1734 Nunc
1011 1676 1045 1733 et
1060 1670 1108 1733 καὶ
1122 1676 1157 1733 et
1171 1671 1226 1733 τὸν
1240 1667 1372 1733 addidit
1391 1666 1523 1753 Syncsllo

426 1774 620 1840 Dindorfiua.

471 1878 556 1941 lbid.
580 1877 599 1939 l.
618 1894 667 1956 17.
682 1874 810 1960 χρόνον]
827 1875 954 1956 χρόνους
967 1873 1010 1936 ad
1024 1893 1110 1936 oram
1124 1872 1261 1956 βριτιαοίίί
1275 1872 1415 1937 Goarus.
1454 1870 1524 1935 Mox

424 1979 570 2043 ediderat
598 1975 879 2056 θμφιβολιιιότερον
908 1995 966 2058 pro
996 1975 1261 2055 evaporandum
1290 1974 1325 2038 in
1352 1971 1526 2038 Emtiasb

425 2081 493 2145 auis
507 2079 658 2164 Scaliger.

473 2182 556 2245 lbid.
569 2181 589 2244 l.
608 2200 658 2247 20.
676 2181 742 2244 ἐπεὶ
762 2182 810 2244 καὶ
825 2185 1032 2262 συναιρεῖσθαι
1046 2180 1122 2268 dte]
1147 2180 1267 2246 Sensm
1281 2182 1452 2246 verborum
1472 2186 1524 2256 est

426 2284 569 2369 quoniam
587 2283 740 2368 pericope,
767 2304 836 2367 σασα
861 2284 973 2346 visioni
991 2284 1156 2367 premissa
1181 2292 1232 2360 ατί,
1260 2285 1526 2367 interpretatores

310 2419 314 2423 ²
426 2395 558 2449 nostram
572 2384 731 2469 aliquanto
743 2383 893 2468 adjurare
906 2385 1034 2449 videtur.

473 2491 511 2553 P.
522 2507 596 2572 305.
608 2488 629 2550 l.
644 2509 676 2571 5.
691 2486 734 2552 Ἥ
751 2490 852 2564 θνσία,
876 2489 971 2570 φησὶν
987 2490 1057 2572 tra]
1086 2487 1203 2553 Textui
1226 2494 1288 2552 τῶν
1312 2487 1352 2552 ο’.
1378 2487 1478 2573 qualis
1498 2485 1526 2548 iu

427 2591 544 2657 Codice
559 2597 651 2654 extat
663 2589 817 2654 Chisiano
832 2590 943 2654 Romae
958 2588 1045 2653 haud
1061 2590 1108 2654 ita
1122 2589 1246 2675 pridem
1261 2589 1365 2667 edito,
1376 2597 1411 2656 et
1425 2597 1527 2674 posteo

427 2715 449 2757 a
462 2692 501 2755 el
518 2691 683 2755 Holmesio
696 2691 846 2776 repetito,
861 2692 930 2756 haec
943 2692 1143 2755 conveniunt.
1191 2691 1256 2755 Sed
1273 2713 1352 2755 vero
1366 2692 1463 2756 verba
1480 2689 1528 2754 illa

427 2801 505 2859 ante
519 2791 645 2876 prolata
659 2792 713 2855 lin.
730 2813 755 2856 1.
772 2791 828 2856 Ἐν
843 2793 903 2858 ἔτει
918 2795 1004 2878 τρίτῳ
1018 2797 1070 2872 τῆς
1084 2795 1247 2867 βασιλείας
1262 2791 1441 2873 Βαλτάσαρ,
1456 2812 1528 2876 prar-

428 2901 497 2960 stat
510 2895 626 2972 altera,
640 2918 736 2980 quam
752 2896 1006 2961 Theodotianam
1020 2903 1145 2972 vocant,
1162 2895 1419 2980 Interpretatio;
1439 2894 1528 2960 chire

429 3019 491 3062 auo
507 2996 560 3060 illo
571 2997 688 3061 (lodice
702 2997 882 3076 exhibente,
891 2997 1001 3064 Ἔτους
1015 2999 1112 3076 τρίτου
1126 2999 1349 3076 βασιλεύοντος
1364 2997 1528 3076 Βαλτάσαρ.

430 3100 598 3167 consentit
611 3109 721 3164 autem
735 3101 768 3163 in
783 3100 895 3165 diebus
910 3118 1007 3185 2300.
1023 3099 1292 3183 repraesentandis
1306 3099 1378 3162 haec
1393 3097 1529 3162 Africani

429 3205 517 3284 ῥῆσις
535 3225 608 3266 cum
627 3203 739 3266 eodem
759 3204 867 3267 codice
888 3210 987 3287 atque
1004 3201 1173 3265 Hebraicis
1194 3201 1443 3286 exemplaribus,
1458 3221 1530 3285 quos

430 3315 539 3369 tamen
561 3305 629 3368 dies
648 3303 715 3368 vult
735 3326 804 3367 esse
829 3321 923 3379 2400.
945 3325 1009 3367 non
1027 3322 1120 3386 2300,
1137 3303 1372 3367 Theodotianae
1386 3299 1530 3367 versionis

431 3407 594 3491 exemplar
610 3406 815 3479 Vaticanum,
831 3407 917 3469 haud
933 3406 1043 3469 itidem
1059 3405 1213 3468 Aldinum
1228 3414 1262 3468 et
1277 3405 1377 3469 Alex.

477 3508 559 3571 lbid.
575 3508 594 3570 l.
607 3528 635 3588 7.
659 3511 686 3571 εί
701 3512 758 3589 γὰρ
779 3511 821 3573 είς
839 3513 918 3586 μῆνα
938 3509 992 3586 τὴν
1012 3507 1125 3587 ἡμέραν
1140 3509 1426 3588 λογισαίμεθα-ὧς
1441 3509 1529 3570 ἆλλα-

432 3613 574 3692 χοῦ-είς
589 3610 739 3674 ἐνιαυτοὺς
753 3612 784 3671 αἱ
799 3610 904 3690 ἡμέραι
918 3609 1218 3693 παραλαμβάνονται]
1231 3610 1297 3671 Adi
1309 3611 1411 3672 Leait.
1423 3631 1492 3672 xxv.
1504 3609 1530 3669 8.

432 3711 575 3794 Respicit
589 3719 703 3774 auctor
717 3712 758 3773 ad
774 3711 1004 3795 expositionem
1019 3734 1109 3775 suam
1126 3729 1176 3794 70.
1193 3712 1441 3775 hebdomadum.

479 3813 561 3875 lbid.
579 3812 598 3876 l.
614 3833 662 3897 13.
679 3815 729 3892 ἔτη
744 3816 801 3894 γὰρ
817 3813 1000 3895 συνάγονται
1019 3813 1110 3897 ρπε’.]
1136 3814 1263 3876 Erroris
1283 3813 1316 3876 in
1338 3810 1531 3876 recensendis

434 3915 718 3998 Hierosolymitani
741 3915 855 3978 excidii
875 3924 951 3979 ante
973 3916 1091 3979 Persas
1110 3916 1210 3991 aunis,
1227 3937 1320 3999 quem
1344 3915 1461 3998 saepius
1481 3912 1531 3975 ad-

433 4019 520 4082 misit
536 4018 717 4095 Asricanus,
730 4019 798 4102 jum
814 4019 900 4103 prius
915 4020 1067 4103 originem
1083 4019 1200 4083 detexi.
1246 4019 1333 4080 Hinc
1354 4018 1454 4102 igitur
1470 4037 1532 4079 cor·

434 4130 508 4185 ruat
524 4122 694 4205 jaceatque
713 4143 839 4185 neeesse
855 4132 903 4185 est
919 4121 989 4205 ipsa
1004 4122 1130 4204 quidem
1149 4121 1271 4184 dierum
1288 4138 1384 4203 2300.
1400 4140 1458 4202 per
1473 4117 1533 4180 He

434 4223 558 4286 braicos
579 4246 703 4287 menses
722 4225 897 4308 expositi03
922 4232 1079 4308 praeterea
1100 4225 1184 4308 quod
1205 4225 1238 4285 in
1260 4231 1409 4306 tempora
1428 4219 1532 4304 templi

435 4325 637 4388 restitutione
652 4326 744 4411 longe
759 4326 936 4411 posteriora
946 4348 1022 4411 pars
1031 4327 1094 4390 ista
1104 4325 1242 4389 vaticinii
1253 4325 1320 4388 fere
1331 4346 1459 4408 semper
1467 4345 1534 4386 con·

434 4426 543 4489 fertur.
590 4426 752 4491 Exhibeut
774 4429 922 4491 mendose
942 4428 1094 4512 Scaligeri
1110 4425 1284 4491 Ειιααθίοαα
1303 4425 1374 4506 ρξε’.
1390 4448 1411 4489 a
1426 4425 1534 4509 quibus

434 4534 543 4591 tamen
568 4536 655 4591 recte
684 4530 776 4592 abest
802 4532 844 4596 είς
868 4538 944 4593 ante
968 4530 1022 4608 τὴν
1045 4532 1145 4602 πόλιν,
1174 4529 1227 4591 lin.
1252 4549 1275 4591 1.
1301 4528 1387 4590 idem
1414 4546 1535 4610 quoque

436 4631 543 4694 Goaro
559 4630 708 4714 ablegare
723 4631 863 4704 volente;
882 4632 966 4716 quod
983 4653 1065 4694 nunc
1080 4631 1155 4695 fecit
1170 4627 1366 4693 Dindorfius.

481 4732 565 4795 lbid.
582 4732 601 4793 l.
620 4752 666 4816 15.
690 4734 859 4799 ἀκολούθως
880 4735 947 4799 τοὺς
968 4733 1042 4812 πρὸς
1064 4731 1193 4816 τούτοις]
1218 4731 1416 4815 Legendum,
1431 4736 1469 4793 ut
1491 4750 1536 4791 su-

436 4855 494 4917 pra
520 4833 574 4894 lin.
601 4855 650 4897 10.
676 4836 744 4900 τοὺς
770 4834 827 4914 πρὸ
854 4838 968 4899 τούτου.
1029 4834 1152 4918 Quippe
1179 4832 1348 4916 respicitur
1375 4832 1417 4894 ad
1444 4832 1536 4894 inter·

436 4922 625 4998 calationem
645 4934 730 4997 illam
751 4936 906 4998 mensium
921 4936 1019 5000 trium
1034 4935 1066 4998 in
1082 4934 1275 4999 octacten'de
1296 4955 1424 5018 quaque
1445 4953 1537 5017 supra

436 5058 507 5121 pag.
524 5055 596 5120 302.
621 5045 654 5099 ct
677 5059 762 5120 seqq.
787 5047 1087 5108 commemoratam
1113 5059 1185 5100 nam
1209 5035 1260 5098 hic
1283 5057 1411 5118 quoque
1431 5035 1536 5118 depre

436 5138 565 5216 hender,
582 5138 607 5201 si
628 5139 722 5202 medo
742 5161 841 5203 annos
861 5160 930 5223 191.
953 5162 1078 5204 memes
1094 5141 1123 5217 8,
1140 5160 1211 5222 quae
1233 5158 1358 5201 summa
1381 5145 1432 5202 est
1456 5157 1537 5200 men·
