3917 6467
425 1076 491 1142 360
798 1073 1150 1141 ANNOTATIONES

470 1245 507 1308 P.
526 1246 600 1329 238.
616 1244 637 1307 l.
652 1261 683 1328 5.
699 1244 764 1323 Τὴν
778 1245 897 1325 πρῶτην
912 1243 1188 1325 ἡμέραν-νοητὴν
1200 1243 1298 1326 λέγει,
1313 1246 1361 1308 ea
1376 1244 1408 1306 τὸ
1423 1245 1491 1325 dtop-

426 1348 571 1427 γανίστον
591 1345 668 1409 εἶναι
690 1345 759 1429 &o.]
775 1344 932 1409 Ediderut
954 1345 1096 1431 Scaliger
1115 1345 1149 1409 in
1165 1345 1339 1410 Alcimede.
1353 1346 1386 1409 ιίι
1399 1343 1493 1409 duali

428 1446 640 1532 Otroaolopicu
663 1469 694 1531 p.
721 1467 770 1510 10.
794 1452 813 1509 ἁ
839 1451 1083 1528 διοργονισθῆναι
1104 1468 1164 1532 pro
1189 1450 1415 1530 ἆδιοργανίοτοι
1433 1447 1494 1511 εἶναι

427 1548 473 1612 Et
488 1550 563 1612 Me.
578 1548 747 1612 Parisinus
762 1547 794 1610 in
808 1547 946 1631 gratiam
961 1568 1066 1612 meam
1085 1548 1233 1625 collatus,
1248 1570 1343 1633 quem
1358 1549 1498 1614 Goerusin

427 1651 551 1714 edendo
566 1649 710 1735 Synoello
723 1648 906 1713 adhibuisse
921 1650 1049 1727 dicitur,
1064 1650 1091 1714 α’
1104 1652 1318 1732 eamcam»
1332 1652 1407 1715 εἶναι
1418 1651 1499 1715 habet
1553 1684 1554 1691 ι

427 1752 492 1816 Sed
514 1752 648 1815 alteram
671 1750 838 1815 lectionem
852 1751 1026 1816 Geni-lnam
1045 1750 1207 1816 firmatam
1229 1775 1252 1817 a
1271 1751 1415 1818 Oedreno
1425 1752 1500 1830 video,

426 1853 527 1940 quiin
543 1853 691 1916 Hecate
710 1852 891 1937 Compendio
905 1853 1008 1918 locum
1028 1852 1160 1918 inseruit
1180 1876 1255 1939 pag.
1270 1875 1302 1940 3.
1318 1855 1369 1919 ed.
1385 1855 1451 1919 Per.
1462 1855 1501 1919 nbi

427 1963 535 2020 temen
558 1955 764 2036 ἀδιάγνωστον
783 1954 941 2018 scribitur.
989 1954 1174 2019 Luminaria
1192 1963 1304 2019 eutem
1328 1956 1503 2034 ooelestnnt

427 2080 467 2121 ex
489 2056 643 2142 principio
669 2057 952 2132 Gmeieconstat
975 2056 1157 2120 antediem
1180 2067 1333 2140 quartum
1357 2080 1418 2122 non
1439 2060 1504 2123 lacta

427 2168 521 2233 sunt;
547 2159 599 2222 lux
616 2180 690 2222 vero
705 2157 894 2244 primigenia
911 2157 1079 2243 indigesta,
1093 2158 1229 2222 necdum
1250 2158 1395 2238 collecte,
1410 2161 1504 2226 extitit

427 2260 528 2324 “Per
548 2259 671 2336 inane,”
685 2260 733 2324 eit
756 2260 881 2323 Goarus
903 2258 935 2321 in
959 2258 1064 2335 Notis,
1085 2266 1103 2295 “
1120 2257 1235 2322 diffusa
1256 2265 1291 2324 et
1313 2268 1442 2325 extense
1461 2265 1505 2342 (re

427 2370 448 2400 “
464 2362 602 2448 χνμένη,)
614 2383 678 2425 non
693 2384 733 2425 ex
747 2360 851 2424 lucido
866 2381 1009 2444 corpore,
1020 2359 1086 2423 sole
1100 2371 1178 2444 puta
1189 2359 1237 2424 vel
1254 2360 1367 2438 stellis,
1377 2368 1505 2447 tanquam

428 2472 448 2499 “
462 2486 483 2527 a
508 2463 636 2548 proprio
659 2463 747 2527 fonte
768 2461 917 2526 micans.”
961 2461 1084 2526 Similia
1107 2463 1147 2526 de
1169 2463 1360 2547 primigenia
1382 2464 1438 2529 huo
1454 2465 1506 2529 lnce

426 2564 619 2628 disserentes
632 2564 750 2628 multos
765 2564 844 2627 alios
858 2562 994 2627 adduxit
1009 2563 1161 2648 patrosin
1173 2565 1276 2648 Bpret.
1287 2587 1349 2630 sua
1361 2565 1421 2630 xiv.
1430 2589 1457 2652 p.
1465 2587 1506 2644 40.

427 2675 461 2730 et
476 2666 636 2751 deinceps,
652 2666 784 2751 Glyoas,
799 2687 894 2749 quam
915 2665 1041 2750 quidem
1062 2665 1228 2749 epistolam
1250 2687 1317 2730 una
1337 2689 1409 2731 oum
1427 2669 1508 2732 tribu

427 2769 497 2833 eliis
522 2768 642 2852 primus
664 2768 766 2833 edidit
789 2767 961 2831 Florentiae
984 2788 1068 2831 anno
1091 2768 1182 2851 1785.
1228 2766 1285 2830 Fr.
1309 2767 1510 2834 Fontanusin

428 2877 516 2933 tomo
529 2869 556 2931 Ι.
565 2871 645 2932 Noe.
656 2870 859 2933 Eruci-iterum
867 2868 1069 2932 Deliciarum.
1111 2867 1195 2931 Vide
1206 2874 1240 2931 et
1252 2868 1409 2933 Grabium
1422 2867 1509 2955 Spicll

428 2968 503 3031 ΡΡ.
520 2968 578 3031 vol.
594 2968 626 3031 ii.
642 2990 673 3052 p.
691 2987 764 3033 202.
782 2968 924 3053 ejusdem
938 2968 1045 3052 Glycae
1060 2967 1200 3030 Annales
1214 2969 1437 3034 adducentem.
1469 2970 1511 3034 ln·

428 3077 518 3134 terea
541 3071 654 3150 νοητὸς
670 3071 730 3134 hoo
753 3079 811 3145 est,
827 3070 1003 3152 efferate
1018 3069 1065 3132 vel
1085 3070 1235 3153 mysticus,
1251 3071 1375 3155 primus
1395 3071 1444 3135 ille
1459 3070 1512 3135 dies

428 3171 470 3236 eb
485 3171 638 3236 Africano
653 3172 782 3237 habitus
797 3180 856 3237 est.
902 3171 1044 3256 Scaliger
1056 3171 1143 3236 aliud
1161 3171 1238 3255 quid
1258 3194 1360 3257 agens
1379 3173 1412 3237 in
1427 3171 1514 3237 Pau

425 3272 555 3356 persenia
577 3273 622 3337 ad
639 3273 852 3358 Otrouolopica
871 3271 1007 3349 Evertit,
1022 3273 1075 3336 fol.
1091 3295 1122 3351 4
1142 3273 1238 3336 ait:‘
1241 3277 1389 3338 ‘Omnes
1415 3274 1455 3338 illi
1474 3294 1513 3336 re

431 3382 551 3438 “teres
573 3375 653 3458 (scil
669 3375 894 3450 Tertullianus,
911 3374 1095 3450 Africanus,
1116 3374 1183 3453 alii)
1204 3396 1358 3459 inagnum
1381 3377 1514 3439 honorem

431 3484 453 3514 “
468 3476 648 3540 habuerunt
660 3477 721 3540 diei
734 3501 809 3541 xxv.
820 3476 951 3561 Aprilis,
963 3477 1015 3557 (M
1018 3476 1104 3556 urtii)
1119 3499 1173 3560 qur
1164 3477 1368 3540 ''nrundum
1360 3501 1393 3542 in
1408 3501 1445 3542 ea
1456 3499 1515 3541 oon

430 3585 450 3614 “
467 3578 579 3654 ditum,
592 3577 756 3642 Christum
771 3585 969 3662 conceptum,
978 3585 1012 3641 ot
1024 3599 1152 3662 passum
1164 3587 1364 3658 memorant;
1381 3582 1423 3644 ab
1434 3601 1516 3665 eoque

430 3688 449 3714 “
465 3682 683 3759 πρωτόκτισιον
698 3680 810 3760 ἡμέραν
825 3702 895 3743 eum
911 3691 1036 3756 vocant,
1051 3680 1136 3764 quod
1151 3681 1259 3757 suerit,
1274 3688 1313 3745 ut
1329 3681 1455 3765 quidem
1468 3679 1516 3767 ipsi

430 3790 450 3817 ‘⁸
465 3784 634 3866 putabant,
662 3784 807 3868 princeps
834 3784 1041 3847 hebdomadis
1070 3784 1102 3845 in
1130 3783 1260 3847 conditu
1287 3806 1414 3860 rerum3
1443 3782 1517 3869 quasi

429 3891 451 3921 “
467 3905 591 3967 sempor
611 3885 643 3947 in
663 3907 702 3950 ea
722 3886 850 3949 haeserit
868 3885 1093 3969 aequinoctium
1116 3906 1155 3947 ex
1178 3885 1339 3949 sententia
1362 3883 1519 3971 Sosigeuis,

430 3992 450 4019 “
466 3985 519 4068 qui
534 3985 699 4066 προήγησιν
715 3988 886 4067 ῖσημερινὴν
901 3987 1088 4072 ignoravit.”
1132 3986 1214 4050 Haec
1235 3985 1390 4070 Scaliger,
1406 3987 1517 4071 quibus·

430 4108 502 4149 cum
517 4087 660 4151 conseras
676 4088 865 4173 Syncellieni
880 4088 985 4173 operis
1000 4088 1136 4163 initium,
1147 4095 1181 4151 et
1193 4109 1265 4171 pag.
1275 4106 1350 4172 321.
1385 4089 1520 4152 Forsitan

428 4210 506 4273 ergo
520 4211 560 4252 ex
576 4190 719 4254 Africani
736 4201 841 4254 monto
856 4194 874 4271 ἡ
889 4194 1106 4273 πρωτόκτιστος
1119 4192 1214 4271 ἡμέρα
1229 4189 1300 4252 ideo
1315 4192 1462 4274 mystica,
1475 4211 1520 4252 seu

429 4291 536 4376 typica
559 4296 637 4376 (quo
657 4316 751 4356 sensu
767 4316 871 4357 vocem
896 4294 1000 4373 νοητὸς
1021 4294 1113 4358 multi
1135 4300 1293 4377 usurpant
1315 4295 1442 4379 patres)
1463 4301 1522 4357 erat

428 4392 585 4466 habenda,
603 4396 688 4478 quod
702 4396 736 4458 τὸ
751 4398 815 4477 φῶς
833 4398 1062 4478 ὰδιοργανίστον
1086 4396 1220 4481 primam
1242 4397 1480 4481 conceptionem
1497 4395 1522 4457 in

429 4501 522 4557 utero
532 4495 731 4561 Beatissimae
742 4498 884 4583 Virginis
895 4498 1100 4562 similitudine
1112 4498 1250 4581 qualem
1263 4496 1372 4562 refert.
1406 4499 1523 4563 Etenim

429 4593 463 4656 in
479 4594 674 4679 Fragmento
689 4599 827 4682 quodam
842 4599 968 4662 nomine
983 4598 1115 4662 Diodori
1130 4596 1293 4682 inscripto,
1305 4600 1393 4682 quod
1408 4601 1524 4685 quidem

428 4715 470 4758 ex
479 4696 608 4760 Catonis
618 4699 807 4783 quibusdam
817 4700 927 4764 attulit
937 4697 1523 4784 DelaruaeusadOrigenisHomiliaml.

428 4796 464 4858 iu
488 4798 629 4877 Genesin,
652 4823 684 4885 p.
704 4817 756 4885 52.
778 4801 959 4865 ostenditur
978 4801 1144 4886 Origenes,
1165 4801 1219 4885 qui
1243 4801 1390 4866 Africani
1412 4803 1471 4866 luit
1489 4821 1523 4864 a

429 4898 543 4979 qualis,
557 4901 592 4963 τὸ
607 4904 826 4982 πρωτόκτιστον
844 4907 908 4983 φῶς
928 4903 967 4966 de
989 4903 1058 4988 ipso
1079 4902 1207 4967 Christo
1227 4903 1360 4986 mystice
1381 4904 1523 4988 interpre

430 5004 520 5064 tutus
534 5024 612 5067 osse.
646 5006 684 5066 Εἰ
699 5005 780 5066 δὲτὸ
797 5007 902 5072 σκότος
918 5007 1095 5089 (Diodorus
1106 5013 1219 5069 contra
1233 5006 1394 5072 disserens
1404 5009 1464 5089 ait)
1476 5006 1521 5086 οὐχ

430 5099 449 5175 ἡ
464 5106 524 5166 τῶν
539 5104 684 5184 σωμάτιον
700 5108 769 5168 σκιὰ
784 5110 904 5185 εἴρηται,
922 5109 1002 5170 ἀλλὰ
1019 5109 1125 5186 νοητόν
1137 5133 1174 5182 τι,
1185 5110 1340 5172 τουτέστιν
1351 5112 1368 5172 ὁ
1380 5111 1520 5189 διάβολοι,
