3917 6467
430 1093 496 1157 216
795 1093 1150 1160 ANNOTATIONES
1205 1139 1209 1149 -

422 1257 536 1321 ‘Genea
550 1263 584 1320 et
596 1257 757 1322 Jenesiani
777 1260 881 1344 Sept.
896 1260 1021 1346 eeompl.
1047 1260 1179 1324 Srnoru.
1226 1258 1378 1322 Proxime
1395 1264 1461 1344 post
1475 1259 1508 1321 ὅτ

428 1380 488 1443 pro
502 1355 526 1442 ᾦ
540 1359 614 1421 Mu.
627 1359 766 1443 Norsela
782 1361 837 1423 sed
852 1360 944 1424 male.

473 1460 511 1523 P.
523 1459 623 1542 1921.
639 1480 687 1539 14.
698 1461 1033 1546 πνεοματοφορηθέντα]
1045 1458 1392 1542 πνευματοφορηθὲντιιν
1401 1456 1508 1543 Niept

472 1559 555 1623 Ibid.
575 1560 598 1623 l.
618 1564 667 1624 16.
690 1565 742 1629 τὰς
763 1565 916 1626 Φιλίππου
942 1562 1119 1647 θυγατέρας]
1146 1564 1449 1625 Commemorautur
1465 1560 1511 1623 hos

429 1660 555 1746 quidem
583 1661 653 1725 loeo
679 1661 817 1747 Philippi
846 1661 1049 1747 evangelistae
1077 1669 1112 1726 et
1140 1661 1267 1726 diaooni
1290 1661 1376 1738 filiae,
1400 1680 1514 1747 quarum

428 1762 621 1826 mentionem
647 1763 725 1827 saoit
746 1763 779 1827 S.
797 1763 901 1828 Lueas
922 1764 955 1827 in
976 1765 1064 1828 Actis
1084 1766 1190 1848 Apost.
1214 1763 1272 1827 sed
1293 1763 1335 1827 de
1361 1762 1412 1826 his
1435 1769 1517 1846 etque

430 1862 568 1947 Philippi
582 1864 717 1948 apostoli
732 1864 868 1942 filiabus,
883 1864 947 1929 vid.
963 1886 1061 1950 supra
1074 1865 1117 1928 ad
1132 1866 1327 1928 Pourcasrm
1337 1863 1518 1950 Fragment

428 1987 462 2049 p.
476 1982 528 2044 24.

473 2064 951 2152 Ιὺὶᾶ.1.17.Φιλαδελφείρ]Ηὶο
965 2074 1000 2132 et
1011 2066 1095 2131 infra
1104 2067 1304 2132 miuusreete
1316 2066 1517 2132 ser-ibiturdt·

428 2168 581 2250 λαδελφίρ
596 2188 668 2230 eum
683 2194 694 2230 ι
708 2167 741 2230 in
760 2168 835 2231 Mu.
851 2167 944 2231 Bodl.
960 2167 1203 2253 Nieqrdoroque,
1211 2175 1247 2233 et
1260 2169 1304 2232 ad
1323 2168 1519 2252 posteriorem

428 2266 532 2330 locum
546 2288 630 2331 nune
644 2275 800 2332 memorat
813 2267 976 2332 Burtouus
990 2268 1075 2333 aad.
1091 2270 1178 2332 Mae.
1196 2276 1231 2332 et
1245 2269 1352 2331 Paria
1368 2288 1396 2332 1.
1441 2268 1520 2332 Iden

428 2368 619 2453 Nieepdom
636 2367 773 2451 ''Ayavov
803 2391 861 2454 pro
886 2368 1029 2451 Ἀγαβον
1059 2369 1180 2434 solenni
1210 2369 1377 2435 literarum
1410 2376 1435 2448 β
1454 2376 1484 2434 et
1505 2393 1521 2435 ν

428 2470 661 2555 permutatione
675 2469 792 2555 posuit.

473 2570 557 2634 Ibid.
574 2571 595 2633 l.
612 2589 660 2652 17.
678 2570 843 2656 Κοδρᾶτον]
858 2571 909 2635 De
924 2572 1098 2653 Quanam
1114 2571 1331 2656 Hieronymus
1344 2594 1444 2658 supra
1457 2594 1522 2659 pap.

430 2686 482 2753 71.
505 2669 565 2734 vol.
578 2669 606 2734 I.
652 2671 736 2735 Eum
759 2680 857 2758 atque
882 2672 1022 2758 Philippi
1044 2672 1125 2736 filias
1151 2672 1199 2736 ita
1220 2672 1349 2739 induxit
1375 2672 1524 2737 Eusebius

427 2771 481 2836 lib.
496 2772 540 2836 iii
567 2773 651 2837 His.
672 2795 743 2858 oap.
755 2789 809 2858 37.
836 2780 895 2838 τῶν
920 2776 952 2837 δὲ
977 2777 1052 2837 κατὰ
1074 2775 1195 2839 τούτους
1220 2774 1461 2856 διαλαμψάντιιν
1481 2774 1526 2837 καὶ

430 2879 577 2955 Κοδράτοε
592 2876 639 2955 ἦν.
659 2875 696 2938 ὃν
717 2873 780 2955 ἅμα
800 2881 865 2942 ταῖς
886 2877 1039 2939 Φιλίππου
1057 2872 1223 2956 θυγατράσι
1236 2879 1411 2959 προφητιιεᾷ
1427 2875 1527 2958 χαρία·

427 3000 497 3053 ματι
515 2976 607 3058 λόγος
628 2976 694 3058 ἔχει
713 2976 885 3058 διαπρέψαι
921 2980 1075 3057 Κοδρᾶτον
1094 2974 1225 3039 exhibet
1244 2976 1526 3056 προπεμπόμενον

427 3076 560 3162 Nieepd.

471 3178 557 3241 Ibid.
568 3178 589 3241 l.
605 3179 654 3242 18.
668 3180 736 3242 οὔτε
751 3178 786 3257 δή
801 3178 1016 3262 τιναςᾶλλουε]
1028 3177 1070 3240 In
1080 3177 1188 3242 codiee
1198 3176 1288 3241 Med.
1302 3175 1389 3241 Man.
1401 3176 1527 3242 etFuk.

427 3280 512 3364 apud
535 3279 749 3365 Nicephorum
772 3278 889 3364 legitur
908 3281 976 3343 οὔτε
998 3282 1091 3357 τινος,
1107 3280 1164 3343 so.
1188 3278 1352 3343 Vannius.
1374 3279 1432 3359 ἤδη
1454 3285 1527 3344 ants

427 3385 507 3448 τινὰς
524 3370 569 3444 ι611
589 3382 659 3445 eod.
676 3381 776 3465 Regno
793 3381 838 3445 ed.
861 3380 966 3464 Sept.
989 3381 1033 3444 ἔτι
1057 3381 1224 3466 Βανιρατιὶἱ
1243 3383 1339 3445 Laeti.
1359 3387 1395 3445 et
1417 3382 1531 3465 Μαΐῳ

426 3483 586 3547 Jeaesiani
609 3484 787 3568 οααοορὰινίι
808 3483 853 3547 ed.
873 3482 975 3567 steph.
997 3482 1104 3546 forsan
1124 3489 1219 3546 reete.
1258 3480 1386 3545 Nullam
1409 3482 1527 3546 habent

427 3585 616 3670 particulam
639 3586 751 3672 Rufini
774 3586 890 3669 Interp.
911 3592 945 3648 et
964 3584 1010 3648 ed.
1042 3584 1166 3648 Vassis.
1190 3583 1323 3647 Smoru.
1368 3584 1528 3646 Additum

427 3694 477 3750 est
493 3688 537 3750 ἔτι
553 3694 629 3750 ante
645 3688 680 3765 δὴ
695 3687 727 3749 iu
744 3686 896 3771 Scaligeri
912 3686 1065 3770 exemplo.
1104 3685 1300 3748 Particulam
1322 3685 1416 3762 dipex
1431 3685 1528 3749 adia

427 3787 566 3870 Nerfole.
582 3788 656 3850 olim
671 3789 867 3851 addideram.
899 3789 1005 3863 Nune,
1018 3808 1090 3850 eum
1105 3787 1225 3850 reserat
1241 3786 1528 3872 Burtonus,quit?1

426 3910 549 3953 meeum
575 3890 704 3974 recepit,
721 3889 781 3974 legi
808 3890 861 3969 ἤδη
886 3889 918 3952 iu
942 3888 1027 3952 codd.
1043 3889 1115 3972 Rae.
1132 3894 1166 3951 et
1185 3887 1351 3964 Parisino,
1374 3914 1412 3969 γε
1437 3887 1471 3967 δὴ
1496 3889 1529 3951 iu

434 3990 540 4055 Veneto
560 3998 594 4054 et
617 3990 817 4067 Florentinis,
840 3990 900 4053 hoe
924 3989 1082 4075 posterius
1106 4015 1142 4071 γε
1167 3989 1202 4066 δὴ
1224 3989 1399 4052 rescribere
1415 3989 1526 4062 velim;

426 4089 572 4177 idemque
589 4092 679 4176 posui
695 4092 727 4154 iu
743 4093 872 4156 Graeeis.

470 4193 506 4257 P.
524 4214 593 4278 193.
608 4193 627 4255 l.
645 4214 672 4255 1.
688 4191 828 4272 Ἀμμίαν,
842 4194 880 4259 ὥς
895 4200 1003 4274 φασιν]
1021 4192 1149 4256 Nomen
1162 4190 1293 4271 'Appios
1301 4192 1391 4254 deest
1407 4192 1441 4255 in
1452 4193 1526 4256 MS·

425 4295 516 4358 Bodl.
533 4296 571 4360 ὥς
585 4319 622 4375 γε
635 4294 731 4374 φασίν
745 4301 879 4377 praestat
894 4295 1094 4378 Nicophanes.

471 4397 554 4461 Ibid.
570 4396 590 4459 1.
607 4415 634 4459 2.
659 4395 727 4461 τοὺς
750 4395 807 4458 ἀπὸ
832 4399 992 4462 Μοντάνου
1008 4395 1082 4480 dee]
1111 4397 1191 4458 Haeo
1216 4400 1250 4457 et
1268 4393 1367 4457 verba
1388 4415 1461 4478 quae
1481 4417 1527 4458 se

425 4508 567 4584 quuntur
589 4519 689 4582 usque
711 4498 752 4561 ad
780 4519 888 4561 voeem
912 4498 994 4577 πάσῃ
1017 4498 1049 4560 in
1072 4497 1127 4560 lin.
1138 4516 1170 4581 3.
1196 4501 1328 4580 propter
1354 4495 1527 4580 repetitam

425 4622 533 4664 vocem
547 4600 680 4682 χάρισμα
699 4600 732 4662 in
751 4599 814 4662 eod.
830 4600 968 4683 Norfole.
986 4600 1214 4663 desiderantur.
1260 4597 1371 4680 Neque
1392 4597 1526 4661 Rufinus

425 4702 561 4786 priorem
578 4701 703 4785 quidem
718 4709 843 4786 purtem
858 4722 967 4764 eorum
982 4700 1094 4786 legisse
1109 4700 1243 4763 videtur.

470 4802 551 4866 Ibid.
567 4802 588 4864 l.
601 4823 633 4883 4.
657 4807 720 4865 δεῖν
742 4807 799 4884 γὰρ
822 4803 898 4866 εἶναι
920 4804 954 4865 τὸ
976 4801 1159 4883 προφητικὸν
1179 4800 1311 4882 χάρισμα
1329 4801 1363 4861 ἐν
1386 4799 1524 4885 ndo-pap

426 4903 580 4988 ἐκκλησίᾳ]
605 4902 714 4967 Minus
736 4905 816 4968 bene
838 4904 908 4967 edit.
933 4904 1038 4989 Sept.
1059 4926 1130 4966 oum
1153 4901 1522 4986 οοιί.1ἰοριόαοΝἱοφᾸ.

426 5007 460 5069 ἐν
482 5004 563 5084 πόσῃ
591 5007 741 5090 ἐκκλησίᾳ.
795 5006 950 5070 Censebat
979 5028 1154 5090 anonymus
1177 5004 1228 5067 hio
1254 5012 1379 5080 auctor,
1404 5004 1523 5088 pariter

423 5113 521 5192 atque
555 5106 764 5192 Epiphanius,
793 5107 847 5192 qui
876 5113 984 5171 tamen
1018 5107 1230 5191 antiquiorem
1259 5127 1293 5169 se
1325 5105 1522 5190 scriptorem,
