3917 6467
427 1075 491 1145 176
805 1078 1163 1144 ANNOTATIONES

426 1249 617 1313 audiendum
632 1251 733 1329 esser)
750 1250 790 1328 σὴ
810 1254 941 1332 trudone,
956 1274 995 1315 uo
1011 1251 1216 1316 Demetrium
1235 1251 1370 1317 honoris
1390 1253 1520 1317 suumin

427 1350 524 1415 tertia
538 1372 673 1434 persona
687 1350 849 1434 appellari.
896 1352 1031 1416 Srnorn.
1078 1354 1232 1418 Proxime
1247 1362 1324 1439 post
1345 1354 1458 1419 οὐδέπω
1475 1375 1521 1439 pro

427 1453 567 1517 οὐδέποτε
589 1454 620 1516 in
641 1455 715 1517 MS.
738 1455 875 1537 Norfolc.
892 1465 925 1520 et
940 1457 1009 1519 οὐδὲ
1032 1458 1088 1523 ἕως
1109 1478 1169 1541 pro
1183 1456 1255 1520 οὐδὲ
1277 1461 1344 1533 νῦν,
1359 1464 1443 1521 teste
1459 1458 1523 1521 But·

427 1562 515 1630 tono,
532 1555 629 1618 hubet
643 1556 734 1619 codec
749 1555 763 1615 l
768 1554 880 1633 cuore,
897 1580 954 1621 nec
971 1558 1064 1622 male.

472 1658 510 1719 P.
531 1664 599 1738 167.
616 1657 637 1719 l.
658 1678 706 1741 13.
722 1657 768 1733 τὸ,
789 1662 946 1739 παρόντων
970 1663 1143 1725 ἐπισκόπων
1166 1658 1244 1744 &c.]
1271 1659 1362 1724 Hine
1385 1659 1527 1745 colligitur

428 1759 596 1842 Origenem
611 1760 664 1843 qui
679 1760 860 1824 enteohetes
878 1762 985 1827 lueret
1007 1762 1228 1837 Alexandriae,
1244 1763 1279 1826 in
1301 1761 1431 1847 privato
1449 1762 1527 1826 undi-

428 1861 522 1936 torin,
539 1883 600 1924 non
615 1870 722 1925 nutem
738 1862 770 1925 in
785 1863 918 1927 ecclesie
932 1865 1180 1929 catechumenos
1195 1865 1388 1931 instituisse.
1430 1867 1529 1951 Neque

427 1964 511 2028 enim
523 1963 705 2027 Alexandro
717 1971 750 2028 et
762 1964 947 2030 Theoctisto
959 1967 1116 2052 episcopis
1128 1967 1161 2030 id
1173 1968 1332 2053 objiceret
1345 1968 1529 2045 Demetrius

428 2066 512 2152 quod
535 2067 704 2150 origenem
727 2067 759 2129 in
782 2068 914 2132 ecclesie
935 2071 1050 2134 dooere
1067 2070 1252 2154 jussissent,
1277 2070 1305 2134 si
1331 2071 1531 2137 Alexandria

427 2171 512 2235 idem
526 2169 568 2231 ab
584 2170 719 2253 Origene
739 2169 857 2233 luctum
882 2171 1004 2236 fuisset.
1050 2172 1158 2251 Quare
1180 2171 1306 2236 lullitur
1322 2173 1470 2247 Rufinus,
1485 2173 1531 2259 qui

427 2274 461 2338 in
477 2294 545 2355 cup,
560 2292 591 2354 3.
609 2272 702 2355 hujus
724 2272 794 2335 libri
818 2273 865 2336 itu
887 2273 1009 2338 scribit.
1063 2274 1175 2339 Videas
1188 2275 1368 2339 Demetrius
1389 2277 1532 2362 opiscopus

428 2372 508 2460 qood
523 2371 568 2435 cd
583 2372 683 2456 ipsum
691 2374 849 2458 precipue
868 2374 1015 2439 doctrlme
1031 2376 1138 2459 pratia
1157 2385 1186 2439 et
1198 2375 1445 2460 predicationis
1459 2375 1532 2441 oeli

428 2478 500 2552 Dei,
514 2475 721 2539 ννιὶίίννιίδτιντ
727 2477 878 2561 plurimos
891 2478 1090 2552 convolarent,
1102 2478 1315 2542 catechizandi
1329 2479 1372 2553 si,
1385 2479 1423 2542 id
1435 2490 1476 2544 cst
1488 2480 1532 2544 do·

428 2579 516 2644 condi
536 2579 741 2662 nsupmcstum
764 2580 797 2642 ios
818 2580 939 2643 ccclesia
962 2579 1081 2643 tribuit.
1127 2582 1226 2644 Certe
1251 2581 1441 2667 catecheses
1465 2582 1532 2646 olim

428 2703 489 2745 non
511 2679 632 2744 fiebunt
652 2680 685 2743 in
707 2682 850 2757 eeclesia,
866 2683 920 2745 sed
944 2683 976 2746 in
997 2681 1196 2767 baptisterio,
1212 2690 1271 2747 uut
1292 2683 1328 2746 in
1347 2684 1458 2770 aliquo
1475 2685 1532 2749 ulio

429 2793 522 2848 extra
544 2782 707 2846 ecclesium
728 2783 815 2848 loco:
839 2785 933 2849 docet
953 2786 986 2848 id
1005 2785 1150 2849 Jonnnes
1165 2783 1483 2870 Hierosolymitunus
1504 2787 1533 2851 in

429 2886 563 2972 epistola
577 2885 618 2948 ud
635 2885 841 2970 Theophilum
857 2888 1017 2952 Alexand.
1029 2909 1126 2972 quem
1140 2887 1239 2951 refert
1255 2886 1295 2950 Β.
1308 2888 1533 2975 Hieronymus,

429 2991 478 3055 Dc
488 2989 569 3076 fido,
586 2988 697 3071 iuquit,
717 2998 744 3052 ct
766 2989 900 3053 monibus
921 2990 1127 3054 ecclesiasticis
1148 2987 1338 3075 domnallus
1358 2990 1429 3055 haeo
1449 2991 1533 3056 locui

428 3114 540 3167 nosnos,
556 3113 623 3176 quoe
636 3100 663 3153 c
676 3112 790 3174 semper
801 3094 907 3178 prat-ic
921 3093 984 3156 Dei
999 3093 1201 3176 lndeloicstcr
1211 3092 1247 3154 ios
1261 3092 1389 3156 ccclesia
1406 3093 1534 3159 meme

429 3206 457 3261 ct
481 3196 515 3259 ἰν
540 3192 741 3258 catechesibus.
768 3196 927 3258 Vsunsrns.
974 3197 1067 3259 Inter
1093 3217 1200 3259 sacrus
1221 3196 1265 3259 nd
1287 3196 1443 3280 populum
1465 3219 1533 3262 con·

430 3301 545 3374 cinnes,
562 3299 601 3361 de
618 3297 731 3380 quibus
746 3297 875 3384 litigent
890 3298 1028 3383 episcopi
1050 3321 1121 3362 cum
1137 3297 1316 3374 Demetrio,
1332 3309 1434 3385 utque
1453 3308 1533 3365 cate·

430 3403 550 3479 choses,
574 3400 701 3464 omnino
727 3399 985 3485 distinguendum
1008 3408 1077 3477 est;
1108 3400 1251 3485 quamvis
1274 3400 1307 3463 id
1331 3401 1438 3465 lucere
1461 3424 1531 3487 neg-

431 3505 544 3569 lexerit
567 3504 643 3567 Ern.
666 3502 841 3586 Cyprianus
863 3503 895 3565 in
919 3503 1013 3567 Notis
1035 3504 1077 3566 ud
1102 3503 1234 3566 Hieron.
1251 3503 1301 3566 Dc
1319 3504 1406 3568 Viris
1420 3504 1475 3568 Ill.
1495 3505 1533 3569 ud

431 3632 499 3694 cup.
516 3608 578 3671 lxii.
593 3607 631 3669 de
645 3604 832 3667 Alexandro.
845 3605 887 3668 ibi
903 3605 1056 3668 nonnulla
1066 3605 1207 3669 scribens
1217 3626 1289 3667 cum
1302 3605 1422 3670 Valesii
1433 3629 1533 3692 repre

432 3711 580 3776 hensione
608 3707 788 3792 conjuncta.
834 3706 896 3770 Sed
923 3707 983 3770 hoc
1009 3708 1125 3785 miss03
1153 3716 1173 3744 ‘⁶
1190 3706 1230 3768 In
1253 3708 1535 3774 constitutionibus

434 3824 454 3853 “
470 3810 664 3898 Apostolicis
683 3810 736 3874 lib.
753 3809 814 3873 viii.
831 3832 900 3894 cup.
912 3830 964 3894 32.
983 3831 1082 3894 prope
1102 3810 1197 3872 finem
1217 3809 1380 3874 inducitur
1401 3811 1535 3875 Sanctus

433 3927 454 3956 “
471 3917 612 3981 Puulus''
630 3914 737 3995 (affert
757 3913 825 3976 haeo
841 3912 1035 3975 Rnsnruerns
1054 3935 1095 3976 ex
1114 3911 1137 3974 J
1140 3933 1241 3975 onnue
1258 3912 1395 3977 Pottcro
1411 3914 1534 3978 1)ch

431 4021 544 4106 pissino
558 4017 777 4092 Ecclesiastico,
795 4038 863 4100 cup.
879 4038 908 4078 v.
925 4038 954 4100 p.
968 4019 1053 4096 244.)
1068 4023 1089 4053 “
1102 4014 1206 4078 Lnicis
1220 4015 1398 4079 concedens
1413 4023 1451 4080 ut
1466 4037 1536 4080 eon-

436 4134 457 4162 “
473 4124 685 4186 clonarentur.
728 4116 767 4181 Ὀ
790 4117 946 4190 διδάσκων,
971 4121 998 4180 εἰ
1020 4119 1068 4181 καὶ
1089 4118 1194 4184 λαῖκὸς
1215 4115 1243 4204 ᾗ,
1268 4118 1407 4197 ἔμπειρος
1429 4121 1463 4182 δὲ
1485 4123 1538 4182 τοῦ

436 4235 455 4262 “
471 4231 575 4307 λόγον,
591 4224 638 4286 καὶ
654 4221 705 4283 τὸν
721 4223 829 4302 τρόπον
850 4219 968 4299 σεμνὸς,
986 4220 1157 4282 διδασκέτω.
1205 4221 1294 4283 (loni.
1310 4220 1443 4283 Concllll
1462 4221 1536 4285 (lur-

437 4325 731 4412 “thnginiensisiv.
750 4327 829 4388 Can.
847 4325 897 4406 98.
928 4322 1043 4384 Leonis
1060 4324 1158 4406 Pupae
1174 4322 1346 4406 Epist62,
1362 4325 1416 4406 63.
1463 4325 1538 4387 Hoc

438 4440 456 4468 “
472 4442 579 4496 autern
602 4428 756 4491 usitatum
779 4448 840 4488 non
864 4434 944 4497 erat,
966 4447 1037 4487 curn
1061 4425 1092 4486 iu
1114 4425 1229 4488 saeculo
1251 4424 1349 4488 tertio
1371 4424 1536 4510 episcopus

438 4545 455 4571 ‘⁶
472 4531 708 4598 Alexandrinus
722 4530 765 4593 nil
780 4530 845 4593 tale
863 4550 1002 4611 unquam
1023 4527 1245 4598 inaudivisset;
1271 4527 1387 4611 quique
1408 4527 1537 4613 Origeni

438 4645 460 4677 “
477 4637 557 4701 luico
587 4634 646 4696 hoc
673 4655 786 4696 munus
813 4632 1023 4717 permiserunt
1045 4630 1191 4714 episcopi,
1215 4651 1350 4713 quorum
1371 4630 1534 4706 intererat,

439 4748 458 4775 “
474 4760 569 4824 quum
584 4736 719 4821 plurimu
736 4743 885 4820 poterunt
897 4734 928 4796 in
942 4734 990 4796 sui
1006 4733 1217 4796 defensionem
1232 4732 1369 4816 ullegure
1381 4731 1534 4818 exemplu,

439 4851 459 4880 “
472 4842 535 4906 triu
552 4847 678 4905 tuntum
699 4839 871 4910 ndducunt,
888 4845 922 4900 et
942 4836 1084 4899 latentur
1104 4857 1137 4898 se
1158 4835 1249 4919 plura
1269 4856 1470 4917 nequaquem
1489 4856 1535 4897 re·

440 4952 461 4982 ‘⁶
476 4940 634 5007 scivisse.’'
684 4940 837 5004 (lonl'orus
861 4937 981 5000 utiliter
1008 4935 1179 5000 doctissimi
1206 4935 1263 4997 viri
1290 4935 1380 4998 Petri
1408 4934 1536 5019 Heylini

438 5046 604 5111 Ecclesium
629 5042 833 5127 Aosqliceonnn
857 5039 1064 5114 Vindicem,
1089 5060 1168 5122 opus
1193 5036 1302 5100 itidem
1327 5027 1438 5122 lingua
1467 5060 1532 5101 ver-

439 5149 552 5215 nuculn
576 5146 740 5231 scriptum,
762 5144 851 5208 Part.
872 5143 903 5205 ii.
925 5164 995 5227 cup.
1021 5165 1051 5203 r.
1075 5143 1110 5203 l‘.
1129 5159 1156 5202 2.
1175 5141 1226 5221 ξς.
1242 5160 1272 5224 3,
1288 5159 1319 5218 4.
1335 5149 1369 5205 et
1383 5139 1423 5202 cl.
1442 5140 1537 5224 Bing-
