3917 6467
514 1098 737 1169 AFRICANl
761 1101 985 1169 EPISTOLA
1008 1103 1075 1169 AD
1096 1102 1363 1169 ARISTIDEM.
1429 1106 1495 1168 235

384 1267 548 1367 σύμενος
590 1271 655 1353 ἕως
696 1280 760 1352 τοῦ
795 1270 916 1370 Ἀδὰμ
952 1275 1012 1351 καὶ
1050 1280 1115 1352 τοῦ
1160 1278 1256 1352 Θεοῦ
1293 1274 1369 1352 κατ’
1406 1271 1494 1351 ἁνύ-

385 1414 510 1484 λνσιν.

443 1538 541 1619 Οῦδέ
557 1540 630 1639 μὴν
648 1540 902 1623 ἀναπόδεικτον
919 1539 944 1641 ἢ
962 1542 1243 1646 έσχεδιασμεῦον
1268 1543 1348 1621 ἐστὶ
1369 1548 1487 1620 τοῦτο·

386 1682 453 1754 τοῦ
478 1684 569 1777 γοῦν
595 1681 763 1781 Σωτῆρος
789 1683 822 1757 οἱ
851 1676 943 1757 κατὰ
971 1675 1093 1781 σάρκα
1122 1686 1318 1779 συγγενεῖς,
1348 1677 1407 1756 εἴτ’
1427 1678 1491 1756 οὖν

356 1815 641 1915 5φιινητιῶντες,
659 1811 721 1891 εἶθ’
741 1813 868 1895 ἁπλῶς
886 1810 1164 1908 ἐκδιδάσκοντες,
1174 1810 1318 1894 ποίντως
1336 1806 1375 1887 δέ
1393 1812 1485 1908 ἁλη-

386 1946 559 2044 θεύοντες,
585 1946 792 2051 παρέδοσαν
822 1950 881 2026 καὶ
907 1955 1031 2027 ταῦτα.
1071 1950 1119 2031 ὡς
1137 1948 1327 2045 Ἰδουμαῖοι
1354 1951 1488 2050 λῃσταὶ

386 2083 598 2163 Ἀσκάλωνι
630 2083 736 2164 πόλει
762 2089 828 2185 τῆς
855 2085 1104 2184 Παλαιστίνης
1131 2079 1351 2181 ἐπελθόντες,
1369 2082 1413 2190 ἐξ
1437 2089 1486 2162 εἰ·

388 2220 539 2298 δωλείου
556 2217 803 2317 Ἀπόλλωνος,
818 2219 839 2301 i>
856 2218 946 2323 πρὸς
965 2226 1039 2303 τοῖς
1056 2220 1210 2323 τείχεσιν
1227 2218 1358 2320 ἵδρυτο,
1370 2218 1494 2297 Ἀντί-

388 2387 528 2455 πατρον
561 2353 729 2456 Ἡρώδου
766 2353 861 2439 τινὸς
897 2353 1100 2458 ἱεροδούλου
1134 2358 1254 2451 παῖδα,
1290 2351 1382 2456 πρὸς
1417 2360 1493 2437 τοῖς

339 2525 379 2565 ιο
389 2487 519 2574 ἅλλοις
536 2487 664 2573 σύλοις
688 2491 919 2595 αίχμάλοντον
943 2494 1096 2593 ἀπῆγον·
1128 2497 1179 2598 τῷ
1197 2488 1235 2570 δέ
1261 2488 1377 2592 λύτρα
1402 2487 1489 2591 ῦπέρ

389 2634 454 2705 τοῦ
484 2631 559 2706 υἱοῦ
586 2628 804 2708 καταθέσθαι
832 2626 882 2729 μὴ
910 2627 1086 2709 δύνασθαι
1114 2629 1178 2707 τὸν
1205 2627 1306 2731 ἱερέα,
1327 2628 1347 2706 ὁ
1365 2627 1490 2706 Ἀντί·

388 2795 525 2863 πατρος
551 2770 626 2846 τοῖς
651 2769 726 2842 τῶν
740 2764 948 2862 Ἰδουμαίων
977 2763 1097 2843 ἔθεσιν
1125 2765 1319 2869 ἐντραφείς,
1340 2764 1493 2865 ὕστερον

388 2897 555 3004 Ὑρκανῷ
569 2904 738 3004 φιλοῦται
756 2903 807 3005 τῷ
821 2897 1064 2995 τῆςἸουδαίας
1078 2900 1238 3001 ἀρχιερεῖ.
1257 2898 1493 3000 πρεσβεύσας

389 3032 428 3111 δέ
459 3031 550 3134 πρὸς
576 3031 766 3133 Πομπήϊον
794 3032 882 3135 {arip
910 3040 975 3113 τοῦ
991 3034 1178 3137 Ὑρκανοῦ,
1199 3037 1257 3112 καὶ
1282 3031 1347 3131 τὴν
1374 3041 1487 3128 βασι-

341 3197 355 3237 ¹
361 3169 491 3253 5λείαν
507 3169 750 3271 ἐλευθερώσας
768 3170 864 3277 αὐτῷ
887 3168 955 3249 ῦπδ
973 3168 1262 3272 Ἀριστοβούλου
1285 3178 1349 3248 τοῦ
1377 3172 1487 3248 ἁδελ-

388 3311 462 3411 φοῦ
487 3304 799 3408 περικοπτομένην,
822 3303 928 3389 αῦτδς
955 3304 1157 3409 ηῦτύχησεν
1185 3301 1399 3404 ἐπιμελητὴς
1425 3308 1488 3402 τῆς

390 3441 641 3540 Παλαιστίνης
682 3441 913 3545 χρηματίσαι·
960 3440 1156 3544 διαδέχεται
1192 3437 1230 3519 δέ
1265 3436 1328 3518 τὸν
1363 3439 1486 3517 Ἀντί-

386 3611 528 3680 πατρον
555 3576 680 3685 φθόνῳ
708 3582 772 3676 τῆς
795 3582 938 3677 πολλῆς
963 3578 1124 3680 εὐτυχίας
1149 3574 1491 3681 δολοφονηθένταὸ

388 3710 463 3795 υἱὸς
484 3710 660 3815 Ἡρώδης·
690 3708 729 3795 ῦς
757 3712 907 3815 ὕστερον
936 3713 993 3792 ὑπ’
1018 3713 1212 3790 Ἀντωνίου
1239 3712 1298 3788 καὶ
1322 3717 1385 3789 τοῦ
1416 3714 1484 3787 Σε-

343 3994 381 4035 ao
391 3972 500 4050 Neque
517 3993 586 4031 vero
600 3971 629 4030 id
644 3984 723 4032 certa
736 3974 849 4031 ratione
863 3972 914 4032 da·
965 3973 1046 4031 tione
1066 3971 1118 4030 lilii
1141 3972 1273 4030 minister
1296 3970 1397 4050 templi
1423 3992 1488 4049 pre·

389 4054 529 4113 stitutum
552 4064 604 4111 aut
626 4064 736 4111 temere
759 4052 915 4112 confictum
965 4053 1038 4111 tinm
1055 4051 1166 4111 solvere
1185 4072 1244 4109 non
1265 4052 1383 4122 valeret,
1400 4052 1488 4110 Anti.

389 4145 444 4193 eat.
494 4133 619 4211 Cognati
648 4133 725 4191 enim
754 4133 915 4192 servatoria
964 4144 1048 4211 pater
1076 4132 1271 4190 Idumoeornm
1301 4153 1380 4190 more
1404 4133 1488 4190 inati-

389 4214 493 4279 noatri.
508 4213 570 4271 aiva
582 4215 618 4271 ad
637 4212 844 4272 ostendendam
864 4234 915 4291 ge·
964 4223 1089 4290 tutoque
1124 4212 1274 4281 educatus,
1303 4213 1488 4290 postmodnm

388 4295 467 4353 neria
495 4293 540 4352 aui
568 4293 761 4360 nobilitatem,
789 4293 850 4352 aive
880 4305 914 4352 ut
966 4294 996 4350 H
1019 4294 1097 4351 renni
1112 4293 1216 4351 summi
1230 4293 1400 4351 ludaeorum
1416 4312 1488 4371 pon.

341 4373 561 4453 asaimpliciter
576 4394 637 4432 rem
657 4373 805 4441 docerent,
820 4375 913 4432 veraci
964 4373 987 4431 t‘
1011 4374 1052 4431 cia
1066 4374 1175 4431 amicus
1189 4373 1309 4432 effectus
1323 4384 1377 4430 est.
1413 4374 1488 4430 Mox

390 4455 493 4531 ntique
515 4473 647 4512 sermone
669 4455 729 4513 δας
749 4455 833 4512 nobis
854 4466 911 4512 tra-
965 4452 1079 4530 legatus
1092 4454 1129 4511 ad
1145 4453 1316 4531 Pompeium
1333 4454 1436 4511 missua
1453 4454 1489 4511 ab

389 4533 545 4594 diderunt:
567 4533 695 4593 latrones
718 4534 828 4593 acilioet
843 4535 913 4592 Idu·
967 4535 1114 4612 Hyrcano.
1134 4553 1200 4591 eum
1223 4533 1250 4591 ei
1269 4553 1389 4610 regnum
1410 4532 1489 4611 quod

389 4634 487 4684 meos,
502 4634 569 4673 cum
590 4613 728 4672 Ascaloni
751 4614 913 4672 Palaestinae
964 4613 1155 4672 Aristobulua
1166 4613 1291 4671 maxima
1303 4634 1339 4671 ex
1349 4624 1431 4691 parte
1440 4635 1487 4671 oc-

388 4695 501 4753 civitati
530 4695 775 4774 supervenissent.
803 4715 840 4753 ex
865 4694 914 4752 de·
964 4706 1130 4772 oupaverat,
1156 4694 1279 4751 liberum
1304 4694 1488 4762 restituisset,

339 4774 474 4856 3olubro
491 4774 616 4853 quodam
627 4775 772 4853 Apollinis
785 4776 864 4853 qnod
878 4774 914 4833 ad
965 4774 1000 4831 ad
1026 4794 1167 4832 summam
1192 4773 1361 4832 felicitatem
1386 4793 1487 4851 perve-

387 4856 398 4912 i
481 4856 677 4914 urbismuros
695 4856 822 4934 positum
842 4867 914 4922 erat,
966 4855 1020 4924 nit,
1030 4866 1145 4912 curator
1156 4853 1318 4913 Palaestina
1328 4866 1487 4932 promotus.

388 4876 580 5015 ilitilpatmm
611 4936 738 4994 Herodis
765 4935 914 5012 cujusdam
966 4934 1096 4993 Tandem
1113 4935 1149 4993 ab
1164 4934 1199 4991 iia
1210 4935 1259 5012 qui
1276 4934 1409 4992 felicitati
1424 4936 1488 5010 ajin

389 5014 549 5075 Hierodnli
562 5015 655 5074 filium
675 5016 760 5074 simul
780 5037 846 5074 oum
867 5037 913 5075 re·
965 5015 1146 5083 invidebant,
1169 5034 1221 5093 per
1248 5014 1366 5071 insidias
1396 5014 1487 5072 inter·

387 5093 468 5173 liqna
482 5117 562 5156 sacra
572 5097 669 5175 praeda
680 5097 827 5174 captivum
839 5096 915 5155 dux-
965 5096 1071 5163 fectus,
1092 5093 1241 5154 Herodem
1264 5094 1355 5151 lilium
1377 5113 1489 5153 succet-

338 5173 454 5256 35iaae.
498 5177 574 5236 Cum
603 5196 672 5236 vero
698 5196 753 5256 pro
779 5176 913 5257 redemp-
965 5196 1059 5236 aorem
1081 5174 1212 5254 reliquit,
1233 5176 1280 5234 cui
1302 5184 1403 5253 postea
1424 5173 1489 5232 An.

1001 5271 1094 5336 nltt
