3917 6467
435 1103 500 1164 t&
807 1096 1162 1163 nxxornrlonss

432 1268 581 1353 ptmdm
596 1288 751 1329 mmmm
765 1265 871 1350 ησλζῖ
893 1285 982 1351 ¹237·
997 1275 1031 1330 et
1052 1287 1116 1330 non
1135 1273 1264 1332 tantum
1279 1265 1417 1332 Olemem
1430 1268 1498 1332 Ales
1550 1268 1551 1291 ¹

432 1370 467 1432 in
485 1372 600 1433 Stm.
616 1370 645 1432 1.
665 1392 698 1453 p
719 1370 794 1451 3⁸⁴-
815 1369 866 1432 ed.
888 1368 1014 1433 Potteri
1034 1390 1137 1433 snnos
1160 1384 1214 1451 27.
1234 1367 1348 1434 Josuae
1368 1371 1501 1446 sttntuit,

432 1493 543 1534 serum
564 1471 664 1534 «iam
684 1471 824 1534 affirma
843 1471 1006 1555 Syneellns
1026 1493 1058 1556 p.
1079 1490 1275 1552 174omnes
1298 1469 1364 1536 iere
1384 1480 1504 1536 suetoso

433 1573 599 1636 undirioui
614 1595 679 1635 non
692 1573 820 1657 scripte
833 1594 989 1637 morum
1004 1588 1054 1653 27.
1067 1571 1149 1636 Jesu
1162 1571 1221 1636 filii
1236 1572 1329 1638 Naue
1343 1574 1504 1639 eonsent're

432 1677 587 1741 contem
600 1692 634 1739 et
650 1675 749 1739 Num
761 1698 839 1738 m.
876 1674 1090 1760 Exeipiendus
1102 1681 1213 1738 sutem
1227 1683 1279 1739 est
1292 1674 1457 1761 Josephus,
1467 1676 1506 1762 qu

431 1799 535 1841 annos
562 1797 612 1862 25.
628 1779 659 1841 ei
684 1777 810 1854 tribuit,
824 1775 1071 1862 Annesel-d.
1086 1775 1141 1839 lib.
1157 1775 1197 1839 iv.
1212 1798 1284 1861 esp.
1305 1797 1333 1842 1.
1348 1777 1418 1842 fine.
1456 1778 1506 1844 Ve

431 1894 597 1963 tenuique
609 1903 679 1944 esse
693 1880 776 1942 hune
788 1879 955 1943 lectionesa
968 1899 1125 1942 annornm
1138 1895 1187 1962 25.
1201 1877 1358 1950 ostendit,
1367 1901 1436 1944 oum
1448 1880 1509 1964 Syn

431 1982 501 2044 cdli
522 1982 618 2045 tectio
635 1982 735 2066 ησλέ,
748 2004 821 2066 qnae
840 1989 1089 2045 eommemorats
1101 2001 1199 2063 supra
1218 1987 1270 2044 est
1285 2001 1360 2065 pag.
1373 2000 1443 2066 429.
1456 1992 1509 2046 mn

431 2081 1508 2168 noemqmnmtnmnotogiaenffimnilteoemuaquemadflnen

431 2186 545 2248 lurum
559 2187 678 2265 ῥηοευι·
693 2186 851 2250 ennoean.
895 2185 987 2249 Nune
1006 2206 1131 2269 quoque
1149 2183 1320 2248 addendus
1338 2199 1388 2250 est
1402 2189 1509 2270 Anony-

430 2309 503 2351 mns
526 2288 672 2372 Scriptor
690 2288 773 2351 ff«.
793 2287 944 2370 Physica,
964 2308 1021 2350 seu
1034 2285 1141 2349 Julius
1156 2285 1286 2361 Pollux,
1301 2308 1402 2372 nuper
1414 2289 1508 2363 editus,

430 2412 463 2473 p
476 2392 530 2474 36.
577 2390 669 2453 idem
682 2412 757 2453 vero
775 2390 904 2464 ibidem,
918 2398 955 2453 ut
974 2388 1078 2452 obiter
1097 2387 1129 2450 id
1152 2401 1272 2461 notem,
1290 2410 1364 2452 oum
1378 2391 1509 2454 Afriesuo

430 2492 473 2554 de
485 2508 630 2576 tempore
645 2492 770 2565 lnnehi,
785 2491 956 2567 Phoronei,
967 2490 1145 2575 Ogygiiqne
1155 2489 1264 2554 diluvii
1280 2493 1447 2556 consentit.
1474 2497 1508 2555 nt

430 2594 509 2656 mihi
529 2594 658 2679 quidem
678 2611 813 2678 uterque
834 2615 993 2668 numerus,
1008 2604 1077 2657 tam
1098 2592 1150 2656 ille
1175 2593 1275 2657 toties
1301 2593 1354 2658 hie
1379 2595 1509 2680 repetitus

436 2714 528 2778 1237,
543 2717 640 2779 quam
652 2695 737 2759 atter
753 2715 806 2773 27.
816 2695 936 2758 firmari
950 2694 1128 2768 ridebatur,
1144 2715 1216 2757 oum
1231 2716 1271 2757 ex
1286 2694 1360 2770 illis,
1372 2718 1439 2780 quae
1452 2716 1509 2758 mor

430 2810 608 2879 aquantur
621 2818 652 2881 p.
669 2815 741 2879 275.
755 2810 825 2860 tum
840 2819 915 2858 reno
928 2818 968 2859 ex
983 2794 1151 2859 oollatione
1164 2816 1336 2872 annorum,
1348 2796 1401 2881 qui
1416 2796 1446 2859 in
1459 2794 1508 2859 Er·

429 2914 531 2982 eerpt.
547 2920 631 2960 xux.
645 2920 718 2983 pag.
742 2915 813 2981 295.
833 2905 1128 2972 eommemornntur,
1143 2918 1216 2960 oum
1239 2896 1303 2960 illis
1325 2897 1379 2982 qui
1401 2898 1508 2983 signant

432 3000 537 3063 Mosis
565 3003 712 3071 exortum.
736 2999 811 3063 Heli
832 2999 937 3072 finem,
952 3020 1132 3084 annumque
1155 2998 1411 3083 Olympiadioum
1431 2998 1507 3063 morti

429 3102 551 3166 Christi
571 3103 614 3165 ab
630 3103 783 3165 Afriesno
800 3101 1012 3174 attributum
1043 3101 1104 3165 etsi
1128 3100 1201 3164 inde
1225 3100 1303 3163 illud
1331 3109 1508 3186 sequeretur,

429 3226 530 3269 annos
558 3214 685 3268 tentum
709 3206 785 3283 428.
806 3225 828 3268 a
850 3204 1017 3269 roestione
1039 3202 1207 3267 Abraham
1230 3224 1334 3286 usque
1358 3205 1400 3268 sd
1425 3203 1509 3267 Mosis

429 3309 568 3371 exodum
589 3307 752 3392 collegisse
767 3308 964 3381 ⁴tt'riennum,
979 3329 1053 3382 non,
1068 3315 1105 3370 ut
1125 3306 1224 3370 refert
1248 3305 1289 3369 de
1313 3328 1352 3369 eo
1374 3315 1461 3371 vetus
1473 3305 1510 3369 ille

431 3409 603 3484 Reseneus,
617 3433 719 3473 annos
729 3431 804 3495 43³·
843 3409 951 3472 Aliam
967 3431 1042 3472 vero
1056 3408 1211 3492 originem
1226 3429 1361 3472 summae
1375 3429 1510 3472 annorum

435 3530 526 3593 ¹237·
539 3533 598 3594 pro
618 3531 696 3595 ¹235
714 3512 837 3595 positae.
883 3511 1021 3595 Vigerus
1036 3510 1135 3583 dabit,
1152 3509 1192 3573 de
1207 3531 1272 3593 qua
1287 3510 1390 3575 lector
1398 3512 1510 3596 judieet

476 3613 513 3675 P.
533 3632 604 3694 27⁴·
620 3612 640 3675 Ι.
663 3635 709 3697 ¹5·
725 3614 937 3691 πρεσβιοέρον
957 3614 1008 3691 ἔτη
1027 3614 1080 3697 AC]
1103 3612 1224 3675 Confer
1238 3612 1340 3677 Num.
1359 3614 1509 3691 11111111Ἷη·

430 3719 506 3776 σοῖο·
520 3737 579 3798 pro
592 3714 692 3791 Ἰηοοΐ·
706 3737 745 3778 ex
761 3713 887 3777 Esnedii
902 3716 980 3778 MS.
1000 3715 1078 3779 Coa.
1095 3717 1128 3777 S.
1142 3715 1236 3778 Joau.
1253 3718 1357 3801 posui,
1373 3736 1465 3802 atque
1478 3718 1511 3779 iu

430 3817 524 3879 vertit
537 3816 679 3895 tigerus,
689 3818 816 3901 pnipon
825 3819 929 3879 Jesnm
938 3817 1060 3897 judices
1066 3818 1167 3899 sinere.
1207 3817 1287 3880 Vide
1299 3828 1333 3882 et
1346 3818 1439 3882 Num.
1448 3841 1509 3881 11111.

429 3940 461 4000 p.
481 3921 552 4001 283.
570 3919 589 3980 1.
612 3938 655 3980 ιο.
703 3920 795 3980 Nune
815 3919 905 3980 n'deo
921 3918 1103 3981 Clintouum
1118 3917 1217 3980 virum
1234 3918 1272 3982 el.
1285 3919 1318 3981 in
1336 3922 1441 3984 Fastis
1454 3919 1511 3983 Hel·

429 4019 533 4083 buiris
551 4019 621 4082 Vol.
640 4022 666 4081 1.
688 4042 719 4102 p.
734 4039 809 4102 300.
830 4020 880 4081 eui
903 4019 1007 4102 plaeet
1029 4041 1230 4082 numerorum
1248 4022 1285 4097 κζ
1288 4027 1305 4083 ’.
1331 4023 1511 4092 substitutio,

430 4142 492 4183 non
516 4123 582 4184 sine
604 4144 700 4184 eausa
722 4121 888 4195 censuisse,
912 4121 1054 4204 proxime
1077 4131 1148 4205 post
1171 4121 1339 4206 legendum
1362 4147 1439 4200 esse,
1453 4126 1513 4204 pot

430 4224 560 4300 Ἰησοῦν.
609 4229 721 4302 Κριτῶι·
736 4227 768 4285 δὲ
788 4229 847 4285 τῶν
862 4227 896 4285 ἐν
910 4228 944 4302 τῇ
958 4226 1062 4306 βίβλῳ
1078 4230 1136 4286 τῶν
1161 4229 1276 4304 Κριτῶν
1297 4227 1512 4308 περιεχομένων.

429 4322 591 4387 Praestent
606 4324 725 4400 Ἰησοῦν
740 4346 798 4408 pro
813 4328 911 4402 Ἰησοῦ
927 4335 986 4387 tres
1001 4326 1105 4389 MSS.
1124 4325 1354 4407 Gaissordiani.

476 4428 511 4488 P.
529 4447 600 4510 275.
618 4428 638 4490 l.
658 4448 684 4489 1.
701 4428 735 4505 ἧς
750 4430 783 4488 τὸ
798 4434 970 4490 τελευταῖον
992 4427 1069 4511 ἔτος]
1090 4427 1189 4490 Deest
1209 4427 1260 4490 hie
1280 4427 1414 4512 aliquid.
1458 4431 1515 4509 Quo

427 4528 511 4590 enim
525 4531 558 4591 τὸ
580 4530 612 4607 ἧς
631 4530 807 4592 referatur?
853 4529 952 4592 Forte
973 4538 1049 4592 ante
1070 4528 1154 4591 huno
1173 4529 1353 4605 articulum
1370 4530 1516 4616 scripserit

428 4630 608 4705 Africanus,
637 4635 687 4708 τῆς
713 4630 737 4692 δ’
762 4634 968 4712 αἰχμαλωσίας
994 4631 1207 4709 ἑβδομήκοντα.
1253 4635 1352 4697 (ferte
1378 4638 1451 4713 ὁμὸς
1475 4633 1516 4696 illa

427 4731 511 4793 mille
526 4732 734 4795 ducentorum
750 4754 787 4794 ao
800 4733 934 4816 triginta
948 4746 1071 4817 septem
1086 4756 1253 4810 annorum,
1265 4757 1346 4818 quos
1362 4738 1403 4799 nb
1417 4736 1517 4799 Exodo

426 4835 467 4903 ad
490 4834 607 4917 Cyrum
634 4856 732 4917 usque
759 4845 916 4910 numerat,
936 4857 975 4897 ex
999 4837 1258 4918 consequentium
1284 4858 1442 4901 annorum
1466 4837 1517 4900 eol-

426 4936 561 4999 leotione
581 4958 643 4998 non
663 4937 789 5009 existet,
807 4936 866 4998 nisi
887 4936 945 4999 hos
969 4935 1173 5020 septuaginta
1197 4938 1326 5022 insuper
1349 4941 1516 5003 addideris:

426 5037 553 5100 tametsi
575 5045 611 5100 ut
631 5037 755 5099 deesset
776 5037 903 5098 omnino
924 5037 1010 5111 nihil,
1027 5037 1151 5100 duobus
1171 5048 1205 5102 et
1225 5041 1431 5127 septuaginta
1449 5061 1518 5125 opus

425 5147 518 5201 esset.
564 5139 647 5201 Nam
670 5138 822 5202 detractis
841 5140 1058 5224 septuaginta,
1074 5141 1217 5206 confiunt
1237 5143 1334 5207 modo
1353 5144 1437 5208 mille
1456 5165 1517 5207 een·
