3917 6467
744 1106 978 1172 AFRICANI
1004 1110 1295 1174 CHRONICON.
1502 1114 1569 1178 ³03

526 1260 594 1361 Μὴ
613 1263 657 1364 δή
674 1298 728 1349 τις
746 1268 839 1365 ἡμᾶς
855 1274 928 1346 τῶν
949 1272 1022 1373 (for.
1038 1285 1150 1364 legend.
1169 1277 1221 1377 τῷ
1239 1278 1325 1376 τῶν)
1343 1280 1421 1351 κατ’
1435 1276 1569 1374 ἀστρο-

468 1400 597 1495 νομίαν
624 1401 784 1502 ἀριθμῶν
810 1404 974 1505 ἀπείρους
1002 1399 1089 1483 εἶναι
1119 1404 1285 1506 νομιζέτω
1316 1405 1401 1513 τξε’.
1430 1408 1569 1511 ἡμερῶν

467 1535 528 1611 καὶ
558 1531 727 1636 τετάρτου
757 1537 883 1638 μορίου
911 1536 1166 1641 προτεταχέναι
1196 1537 1317 1637 αἰπήν.
1361 1540 1431 1637 (for.
1454 1556 1568 1635 legend.

468 1666 630 1747 duraveris
648 1710 700 1768 pro
719 1668 856 1773 αὑτήν.)
886 1671 965 1751 οὐδὲ
984 1669 1055 1774 γὰρ
1073 1674 1199 1778 ἀγνοίᾳ
1219 1675 1248 1752 τ’
1269 1677 1435 1773 ἀληθοῦς,
1454 1672 1569 1757 διάδέ

438 1799 536 1899 μὴν
555 1807 798 1905 λεπτολσγίαν
821 1804 864 1885 τὸ
886 1805 1133 1911 ψηφιζόμενον
1157 1810 1406 1907 συνετέμομεν.
1434 1817 1508 1893 τοῖς
1531 1813 1581 1890 δε

466 1937 523 2016 ἐπ’
542 1938 685 2040 ἀκριβὲς
701 1938 820 2019 πάντα
837 1942 1063 2042 πειρωμένοις
1081 1942 1262 2049 ἐξετάζειν,
1278 1947 1337 2022 καὶ
1355 1945 1451 2023 τοῦθ
1465 1948 1513 2028 ὡς
1531 1948 1569 2026 ε’ν

468 2079 598 2179 γραφῇ
614 2076 857 2176 παρακείσθο.
886 2073 928 2155 τδ
946 2075 1012 2173 μὲν
1035 2076 1112 2160 ἔτος
1137 2079 1267 2157 ἐπίπαν
1291 2079 1445 2158 ἕκαστον
1469 2083 1569 2160 ἐστὶν

466 2210 611 2311 ἡμερῶν
630 2210 714 2316 τξε’.
746 2215 815 2309 καὶ,
830 2212 962 2314 ἡμέρας
980 2215 1039 2291 καὶ
1058 2212 1183 2296 νυκτὸς
1201 2220 1249 2297 εἷς
1266 2216 1569 2297 ἐννεακαιδείεατον

466 2346 712 2447 διαιρεθείσης,
729 2345 818 2447 με’ρη
846 2346 983 2426 τούτων
1010 2346 1057 2426 τὰ
1083 2345 1121 2427 ε’.
1147 2350 1217 2448 (for.
1234 2365 1347 2443 legend.
1373 2356 1421 2433 εἷς
1445 2352 1565 2431 ἐννεα-

421 2511 457 2552 ιο
467 2480 658 2560 καιδείεατα
674 2483 905 2584 διαιρεθείσης
922 2483 1023 2583 με’ρη,
1042 2484 1177 2562 τούτων
1194 2488 1267 2562 τῶν
1284 2480 1353 2587 ε’.).
1381 2485 1517 2591 μεταξὺ
1531 2485 1570 2566 δὲ

467 2624 535 2694 τοῦ
558 2615 677 2715 λέγειν
702 2614 767 2695 τὸν
794 2615 952 2696 ἐνιαυτὸν
980 2617 1119 2719 ἡμερῶν
1143 2615 1228 2723 τξὲ.
1256 2620 1314 2696 καὶ
1339 2622 1569 2721 τετραμορίου

470 2748 544 2846 (for.
560 2766 674 2826 deleud.
694 2751 752 2828 καὶ
769 2751 1017 2857 τετραμορίου)
1037 2752 1096 2829 καὶ
1112 2756 1186 2829 τῶν
1203 2749 1275 2831 ἀπὸ
1299 2749 1356 2830 ιθ.
1390 2755 1453 2850 τῆς
1478 2786 1566 2856 νυχ-

469 2883 625 2984 θημέρου
651 2889 769 2984 μερῶν
787 2882 813 2962 ε’
835 2944 1012 2966 ......
1032 2890 1080 2968 είς
1105 2884 1152 2965 τὰ
1177 2883 1286 2966 υοε’..
1311 2885 1497 2987 ..ἡμέραι
1525 2885 1568 2967 τὸ

467 3015 710 3119 παράλληλον
727 3020 820 3096 είσὶν
842 3016 887 3104 ς’.
920 3021 978 3097 καὶ
1000 3017 1241 3121 τετραμόριον.
1273 3019 1322 3098 ἔτι
1346 3053 1387 3121 γε
1410 3018 1482 3117 μὴν
1505 3020 1568 3100 τὸν

419 3156 532 3251 ι5τῆς
564 3151 722 3253 σελήνης
747 3156 844 3251 μῆνα
871 3151 963 3232 κατὰ
989 3151 1056 3253 τὴν
1084 3157 1214 3256 ἀκριβῆ
1242 3155 1484 3250 λεπτολογίαν
1509 3156 1565 3234 εὑ·

466 3287 640 3388 ρίσκομεν
661 3285 715 3366 κθ
718 3350 727 3367 .
749 3287 820 3385 (for.
838 3287 979 3388 ἡμερῶν
998 3294 1139 3392 addend.)
1164 3288 1223 3365 καὶ
1246 3287 1418 3385 ἡμισείας,
1437 3287 1568 3391 ημέρας

408 3443 410 3450 ’
465 3424 528 3541 τεαὶ
546 3419 670 3504 νυκτδς
688 3421 922 3524 διαιρεθεάιης
939 3426 987 3503 είς
1007 3420 1096 3521 με’ρη
1120 3420 1187 3499 σε’.
1219 3420 1354 3501 τούτων
1376 3419 1423 3499 τά
1439 3421 1480 3504 o'.
1510 3424 1568 3503 καὶ

468 3682 626 3748 addideris,
662 3680 856 3741 hebdomadas
893 3681 991 3739 LXX.
1044 3681 1082 3737 tis
1103 3680 1198 3757 spatio
1225 3699 1276 3755 per
1303 3679 1566 3739 decemnovennale

467 3764 613 3821 conficies.
1043 3759 1200 3818 distributo
1210 3760 1370 3836 quinariam
1382 3760 1446 3835 ejus
1454 3771 1566 3838 partem

1043 3839 1221 3897 dividentem
1232 3860 1295 3898 esse
1306 3840 1491 3918 percipimus.
1515 3840 1566 3897 lu·

1042 3919 1127 3977 terim
1149 3938 1218 3976 vero
1243 3939 1308 3977 cum
1332 3939 1439 3976 annum
1464 3919 1567 3978 diebus

510 3999 608 4057 Nemo
634 3999 733 4076 itaque
757 4018 811 4055 nos
839 4016 892 4056 ceu
918 4016 990 4074 prae·
1042 4000 1112 4074 3⁶5·
1133 4009 1163 4057 et
1187 3998 1348 4074 quadrante
1369 4000 1513 4076 componi,
1535 4011 1566 4059 et

467 4080 561 4158 ceptis
574 4078 756 4137 astronomiae
775 4096 877 4156 parum
894 4076 990 4134 imbu-
1040 4100 1077 4137 ex
1105 4078 1374 4137 decemnovennalis
1406 4080 1567 4156 quotientis

466 4172 515 4219 tos
541 4170 653 4237 arguat,
678 4157 728 4235 qui
756 4177 864 4215 annum
889 4156 991 4214 diebus
1041 4158 1173 4238 partibus
1183 4159 1313 4235 quinque
1320 4204 1428 4219 ......
1439 4172 1565 4237 poetan-

467 4241 538 4315 365.
552 4251 584 4299 et
599 4239 760 4316 quadrante
778 4236 912 4314 componi
929 4237 990 4314 jam
1041 4259 1094 4297 noe
1105 4255 1175 4313 475.
1189 4238 1251 4296 dies
1265 4259 1316 4297 sex
1326 4238 1567 4315 cumquadrante

418 4336 435 4377 a
437 4331 457 4395 5
467 4320 637 4379 statuimus:
649 4337 707 4376 nou
716 4338 752 4375 ex
761 4316 893 4376 veritatis
904 4316 991 4394 quip·
1042 4339 1078 4377 ex
1088 4338 1171 4395 aequo
1182 4320 1391 4395 respondentes
1402 4330 1565 4397 emergunt.

467 4420 506 4479 pe
520 4397 644 4466 inscitia,
658 4398 819 4476 quinimmo
832 4396 992 4473 exquisitas
1043 4398 1167 4476 Insuper
1189 4418 1259 4456 vero
1283 4419 1409 4457 mensem
1434 4398 1564 4457 lunarem

468 4479 569 4558 potius
582 4477 765 4536 astronomire
779 4476 917 4534 minutias
929 4496 991 4535 sec·
1042 4477 1104 4536 dies
1131 4497 1179 4554 29.
1201 4488 1232 4536 et
1252 4479 1379 4536 medium
1402 4479 1438 4536 ad
1463 4498 1565 4536 nume.

466 4560 523 4617 teti
548 4558 667 4618 relatam
693 4576 834 4615 summam
860 4557 890 4613 in
913 4557 991 4614 huuc
1042 4558 1124 4616 randi
1139 4557 1355 4634 exquisitiorem
1371 4558 1504 4636 peritiam
1519 4559 1565 4615 in.

465 4638 587 4696 modum
610 4636 820 4696 subduximus:
849 4636 990 4695 accurati·
1041 4636 1159 4696 cludere
1184 4637 1358 4712 reperimus:
1389 4638 1505 4714 dieique
1532 4658 1565 4696 ac

414 4736 456 4793 30
465 4718 764 4777 oremveroomnium
777 4717 909 4774 notitiam
921 4736 989 4775 con·
1042 4718 1135 4776 noctis
1155 4716 1309 4775 intervallo
1330 4718 1360 4775 in
1381 4730 1479 4797 partes
1494 4735 1562 4792 215.

465 4798 548 4875 sequi
583 4796 708 4875 cupidis,
743 4795 821 4872 quod
857 4796 990 4874 sequitur
1041 4796 1197 4855 distributo
1212 4797 1313 4855 harum
1330 4814 1453 4873 71.cum
1469 4797 1565 4855 medie

465 4878 554 4937 etiem
570 4890 707 4955 tanquam
722 4877 753 4933 in
769 4875 869 4934 tabula
882 4896 988 4955 reproe·
1045 4922 1192 4937 ........
1204 4896 1270 4953 quoe
1283 4879 1466 4955 nonagesima
1477 4896 1564 4952 quar-

465 4967 610 5016 sentetur.
652 4959 805 5015 Annorum
834 4956 990 5032 unusquis·
1040 4968 1072 5015 ts
1086 4957 1142 5015 tria
1156 4956 1315 5015 conficiunt
1330 4958 1477 5015 habemus.
1521 4955 1563 5013 Et

465 5058 524 5114 que
538 5037 651 5096 dierum
669 5037 788 5094 omnino
802 5038 872 5113 3⁶5·
888 5056 989 5094 uume-
1040 5037 1102 5094 hoec
1126 5036 1207 5094 brevi
1229 5037 1368 5115 temporis
1388 5034 1482 5114 spatio
1503 5034 1563 5092 col·

415 5138 454 5197 35
465 5137 531 5175 rum
548 5117 715 5196 intercipit:
731 5115 789 5174 diei
799 5136 867 5175 vero
877 5128 908 5175 et
922 5136 991 5175 noc·
1041 5115 1183 5194 liguutur.

418 3915 459 3955 ‘ro
594 3896 748 3971 Interprete
764 3894 866 3950 (ἔσσυο.
