<?xml version="1.0" encoding="UTF-8"?>
<!DOCTYPE html PUBLIC "-//W3C//DTD XHTML 1.0 Transitional//EN"
    "http://www.w3.org/TR/xhtml1/DTD/xhtml1-transitional.dtd">
<html xmlns="http://www.w3.org/1999/xhtml" xml:lang="en" lang="en">
 <head>
  <title>
</title>
<meta http-equiv="Content-Type" content="text/html;charset=utf-8" />
  <meta name='ocr-system' content='tesseract 3.04.00' />
  <meta name='ocr-capabilities' content='ocr_page ocr_carea ocr_par ocr_line ocrx_word'/>
</head>
<body>
  <div class='ocr_page' id='page_1' title='image "./reliquiaesacrae06routgoog_0390.png"; bbox 0 0 3917 6467; ppageno 0'>
   <div class='ocr_carea' id='block_1_1' title="bbox 424 1091 1156 1157">
    <p class='ocr_par' dir='ltr' id='par_1_1' title="bbox 424 1091 1156 1157">
     <span class='ocr_line' id='line_1_1' title="bbox 424 1091 1156 1157; baseline 0.004 -3"><span class='ocrx_word' id='word_1_1' title='bbox 424 1091 490 1154; x_wconf 79' lang='lat'>380</span> <span class='ocrx_word' id='word_1_2' title='bbox 803 1091 1156 1157; x_wconf 80' lang='lat' dir='ltr'><strong>ANNOTATIONES</strong></span> 
     </span>
    </p>
   </div>
   <div class='ocr_carea' id='block_1_2' title="bbox 425 1255 1508 2863">
    <p class='ocr_par' dir='ltr' id='par_1_2' title="bbox 425 1255 1508 2863">
     <span class='ocr_line' id='line_1_2' title="bbox 425 1255 1501 1344; baseline 0.004 -25"><span class='ocrx_word' id='word_1_3' title='bbox 425 1265 571 1340; x_wconf 87' lang='lat' dir='ltr'>posteras</span> <span class='ocrx_word' id='word_1_4' title='bbox 586 1255 619 1318; x_wconf 92' lang='lat' dir='ltr'>in</span> <span class='ocrx_word' id='word_1_5' title='bbox 634 1256 795 1322; x_wconf 78' lang='lat' dir='ltr'>(lunonem</span> <span class='ocrx_word' id='word_1_6' title='bbox 809 1279 903 1322; x_wconf 85' lang='lat' dir='ltr'>suum</span> <span class='ocrx_word' id='word_1_7' title='bbox 919 1259 1063 1344; x_wconf 78' lang='lat' dir='ltr'>digestas</span> <span class='ocrx_word' id='word_1_8' title='bbox 1082 1259 1226 1325; x_wconf 73' lang='lat' dir='ltr'>exhibet.</span> <span class='ocrx_word' id='word_1_9' title='bbox 1272 1261 1401 1325; x_wconf 79' lang='lat' dir='ltr'>Interea</span> <span class='ocrx_word' id='word_1_10' title='bbox 1416 1265 1501 1325; x_wconf 85' lang='lat' dir='ltr'>centn</span> 
     </span>
     <span class='ocr_line' id='line_1_3' title="bbox 427 1358 1504 1445; baseline 0.006 -24"><span class='ocrx_word' id='word_1_11' title='bbox 427 1358 634 1423; x_wconf 85' lang='lat' dir='ltr'>Manethonis</span> <span class='ocrx_word' id='word_1_12' title='bbox 648 1359 743 1423; x_wconf 88' lang='lat' dir='ltr'>fidem</span> <span class='ocrx_word' id='word_1_13' title='bbox 757 1367 856 1445; x_wconf 85' lang='lat' dir='ltr'>atque</span> <span class='ocrx_word' id='word_1_14' title='bbox 870 1362 1098 1428; x_wconf 83' lang='lat' dir='ltr'>auctoritatem</span> <span class='ocrx_word' id='word_1_15' title='bbox 1117 1362 1171 1426; x_wconf 79' lang='lat' dir='ltr'>alii</span> <span class='ocrx_word' id='word_1_16' title='bbox 1193 1361 1289 1427; x_wconf 82' lang='lat' dir='ltr'>multi</span> <span class='ocrx_word' id='word_1_17' title='bbox 1307 1361 1405 1426; x_wconf 80' lang='lat' dir='ltr'>multa</span> <span class='ocrx_word' id='word_1_18' title='bbox 1423 1361 1504 1445; x_wconf 75' lang='lat' dir='ltr'>dispu-</span> 
     </span>
     <span class='ocr_line' id='line_1_4' title="bbox 425 1461 1505 1550; baseline 0.003 -25"><span class='ocrx_word' id='word_1_19' title='bbox 425 1468 549 1536; x_wconf 80' lang='lat' dir='ltr'>terunt,</span> <span class='ocrx_word' id='word_1_20' title='bbox 563 1468 681 1546; x_wconf 84' lang='lat' dir='ltr'>praeter</span> <span class='ocrx_word' id='word_1_21' title='bbox 706 1462 745 1527; x_wconf 88' lang='lat' dir='ltr'>ol.</span> <span class='ocrx_word' id='word_1_22' title='bbox 761 1463 951 1547; x_wconf 87' lang='lat' dir='ltr'>Bryantium</span> <span class='ocrx_word' id='word_1_23' title='bbox 971 1465 1005 1528; x_wconf 94' lang='lat' dir='ltr'>in</span> <span class='ocrx_word' id='word_1_24' title='bbox 1020 1466 1165 1550; x_wconf 73' lang='lat' dir='ltr'>Antiqua</span> <span class='ocrx_word' id='word_1_25' title='bbox 1178 1463 1379 1550; x_wconf 70' lang='lat' dir='ltr'>Mytholopioe</span> <span class='ocrx_word' id='word_1_26' title='bbox 1391 1461 1505 1545; x_wconf 59' lang='lat' dir='ltr'>Asolfl&#39;,</span> 
     </span>
     <span class='ocr_line' id='line_1_5' title="bbox 426 1562 1506 1650; baseline 0.002 -25"><span class='ocrx_word' id='word_1_27' title='bbox 426 1584 520 1646; x_wconf 88' lang='lat' dir='ltr'>quern</span> <span class='ocrx_word' id='word_1_28' title='bbox 545 1571 727 1626; x_wconf 85' lang='lat' dir='ltr'>monentem</span> <span class='ocrx_word' id='word_1_29' title='bbox 752 1564 861 1640; x_wconf 88' lang='lat' dir='ltr'>habes,</span> <span class='ocrx_word' id='word_1_30' title='bbox 886 1565 979 1628; x_wconf 90' lang='lat' dir='ltr'>obelo</span> <span class='ocrx_word' id='word_1_31' title='bbox 1003 1566 1146 1650; x_wconf 83' lang='lat' dir='ltr'>figendas</span> <span class='ocrx_word' id='word_1_32' title='bbox 1172 1586 1244 1629; x_wconf 88' lang='lat' dir='ltr'>esse</span> <span class='ocrx_word' id='word_1_33' title='bbox 1270 1585 1381 1628; x_wconf 89' lang='lat' dir='ltr'>omnes</span> <span class='ocrx_word' id='word_1_34' title='bbox 1405 1562 1506 1627; x_wconf 81' lang='lat' dir='ltr'>omniu</span> 
     </span>
     <span class='ocr_line' id='line_1_6' title="bbox 425 1663 1507 1752; baseline -0.001 -25"><span class='ocrx_word' id='word_1_35' title='bbox 425 1664 612 1749; x_wconf 84' lang='lat' dir='ltr'>Dynastias,</span> <span class='ocrx_word' id='word_1_36' title='bbox 629 1687 700 1749; x_wconf 77' lang='lat' dir='ltr'>qum</span> <span class='ocrx_word' id='word_1_37' title='bbox 724 1672 800 1730; x_wconf 84' lang='lat' dir='ltr'>ante</span> <span class='ocrx_word' id='word_1_38' title='bbox 826 1667 999 1730; x_wconf 81' lang='lat' dir='ltr'>Pastorum</span> <span class='ocrx_word' id='word_1_39' title='bbox 1022 1667 1109 1731; x_wconf 84' lang='lat' dir='ltr'>illem</span> <span class='ocrx_word' id='word_1_40' title='bbox 1133 1689 1186 1730; x_wconf 83' lang='lat' dir='ltr'>xv.</span> <span class='ocrx_word' id='word_1_41' title='bbox 1203 1666 1320 1752; x_wconf 80' lang='lat' dir='ltr'>positoe</span> <span class='ocrx_word' id='word_1_42' title='bbox 1344 1672 1425 1740; x_wconf 74' lang='lat' dir='ltr'>sunt.</span> <span class='ocrx_word' id='word_1_43' title='bbox 1439 1663 1507 1748; x_wconf 75' lang='lat' dir='ltr'>quu’</span> 
     </span>
     <span class='ocr_line' id='line_1_7' title="bbox 425 1766 1506 1850; baseline 0 -21"><span class='ocrx_word' id='word_1_44' title='bbox 425 1789 482 1850; x_wconf 90' lang='lat' dir='ltr'>per</span> <span class='ocrx_word' id='word_1_45' title='bbox 504 1788 643 1830; x_wconf 87' lang='lat' dir='ltr'>errorem</span> <span class='ocrx_word' id='word_1_46' title='bbox 664 1769 848 1832; x_wconf 85' lang='lat' dir='ltr'>Graecorum</span> <span class='ocrx_word' id='word_1_47' title='bbox 870 1768 1030 1842; x_wconf 79' lang='lat' dir='ltr'>invectas3</span> <span class='ocrx_word' id='word_1_48' title='bbox 1055 1768 1088 1831; x_wconf 94' lang='lat' dir='ltr'>id</span> <span class='ocrx_word' id='word_1_49' title='bbox 1106 1789 1181 1831; x_wconf 86' lang='lat' dir='ltr'>vero</span> <span class='ocrx_word' id='word_1_50' title='bbox 1203 1789 1278 1832; x_wconf 79' lang='lat' dir='ltr'>meo</span> <span class='ocrx_word' id='word_1_51' title='bbox 1299 1767 1404 1831; x_wconf 90' lang='lat' dir='ltr'>minus</span> <span class='ocrx_word' id='word_1_52' title='bbox 1422 1766 1506 1830; x_wconf 63' lang='lat' dir='ltr'>resen</span> 
     </span>
     <span class='ocr_line' id='line_1_8' title="bbox 425 1866 1508 1953; baseline -0.001 -23"><span class='ocrx_word' id='word_1_53' title='bbox 425 1868 511 1930; x_wconf 91' lang='lat' dir='ltr'>Dum</span> <span class='ocrx_word' id='word_1_54' title='bbox 540 1876 648 1931; x_wconf 86' lang='lat' dir='ltr'>autem</span> <span class='ocrx_word' id='word_1_55' title='bbox 678 1868 709 1930; x_wconf 95' lang='lat' dir='ltr'>in</span> <span class='ocrx_word' id='word_1_56' title='bbox 735 1867 885 1932; x_wconf 87' lang='lat' dir='ltr'>Larcheri</span> <span class='ocrx_word' id='word_1_57' title='bbox 913 1868 1111 1953; x_wconf 73' lang='lat' dir='ltr'>Clmuolopio</span> <span class='ocrx_word' id='word_1_58' title='bbox 1136 1868 1313 1932; x_wconf 66' lang='lat' dir='ltr'>Herodem</span> <span class='ocrx_word' id='word_1_59' title='bbox 1340 1868 1428 1953; x_wconf 77' lang='lat' dir='ltr'>apud</span> <span class='ocrx_word' id='word_1_60' title='bbox 1450 1866 1508 1929; x_wconf 77' lang='lat' dir='ltr'>Bm</span> 
     </span>
     <span class='ocr_line' id='line_1_9' title="bbox 425 1967 1507 2055; baseline -0.001 -25"><span class='ocrx_word' id='word_1_61' title='bbox 425 1967 529 2031; x_wconf 89' lang='lat' dir='ltr'>heckii</span> <span class='ocrx_word' id='word_1_62' title='bbox 551 1970 746 2053; x_wconf 74' lang='lat' dir='ltr'><em>Apparatum</em></span> <span class='ocrx_word' id='word_1_63' title='bbox 767 1970 813 2033; x_wconf 86' lang='lat' dir='ltr'>od</span> <span class='ocrx_word' id='word_1_64' title='bbox 833 1970 1020 2034; x_wconf 80' lang='lat' dir='ltr'>Herodotum</span> <span class='ocrx_word' id='word_1_65' title='bbox 1035 1969 1110 2034; x_wconf 88' lang='lat' dir='ltr'>Vol.</span> <span class='ocrx_word' id='word_1_66' title='bbox 1132 1969 1160 2031; x_wconf 93' lang='lat' dir='ltr'>l.</span> <span class='ocrx_word' id='word_1_67' title='bbox 1177 1991 1211 2055; x_wconf 93' lang='lat' dir='ltr'>p.</span> <span class='ocrx_word' id='word_1_68' title='bbox 1236 1988 1290 2054; x_wconf 86' lang='lat'>23.</span> <span class='ocrx_word' id='word_1_69' title='bbox 1311 1969 1372 2033; x_wconf 90' lang='lat' dir='ltr'>hoc</span> <span class='ocrx_word' id='word_1_70' title='bbox 1394 1967 1507 2053; x_wconf 82' lang='lat' dir='ltr'>positum</span> 
     </span>
     <span class='ocr_line' id='line_1_10' title="bbox 426 2067 1508 2154; baseline -0.002 -23"><span class='ocrx_word' id='word_1_71' title='bbox 426 2076 487 2144; x_wconf 85' lang='lat' dir='ltr'>est,</span> <span class='ocrx_word' id='word_1_72' title='bbox 503 2067 676 2154; x_wconf 78' lang='lat' dir='ltr'>Georgium</span> <span class='ocrx_word' id='word_1_73' title='bbox 693 2069 871 2153; x_wconf 77' lang='lat' dir='ltr'>syncellum</span> <span class='ocrx_word' id='word_1_74' title='bbox 887 2070 1003 2133; x_wconf 84' lang='lat' dir='ltr'>saeculo</span> <span class='ocrx_word' id='word_1_75' title='bbox 1017 2078 1091 2154; x_wconf 88' lang='lat' dir='ltr'>post</span> <span class='ocrx_word' id='word_1_76' title='bbox 1106 2069 1270 2134; x_wconf 75' lang='lat' dir='ltr'>Christum</span> <span class='ocrx_word' id='word_1_77' title='bbox 1285 2077 1399 2135; x_wconf 81' lang='lat' dir='ltr'>natum</span> <span class='ocrx_word' id='word_1_78' title='bbox 1419 2075 1508 2131; x_wconf 75' lang='lat' dir='ltr'>cotun</span> 
     </span>
     <span class='ocr_line' id='line_1_11' title="bbox 426 2168 1506 2255; baseline 0.001 -25"><span class='ocrx_word' id='word_1_79' title='bbox 426 2168 617 2232; x_wconf 87' lang='lat' dir='ltr'>scribentem</span> <span class='ocrx_word' id='word_1_80' title='bbox 641 2170 813 2234; x_wconf 86' lang='lat' dir='ltr'>maximam</span> <span class='ocrx_word' id='word_1_81' title='bbox 836 2169 1069 2255; x_wconf 85' lang='lat' dir='ltr'>AEgyptiorum</span> <span class='ocrx_word' id='word_1_82' title='bbox 1091 2190 1202 2255; x_wconf 86' lang='lat' dir='ltr'>regum</span> <span class='ocrx_word' id='word_1_83' title='bbox 1226 2178 1365 2254; x_wconf 72' lang='lat' dir='ltr'>purtem</span> <span class='ocrx_word' id='word_1_84' title='bbox 1388 2190 1440 2233; x_wconf 89' lang='lat' dir='ltr'>seu</span> <span class='ocrx_word' id='word_1_85' title='bbox 1459 2169 1506 2252; x_wconf 70' lang='lat' dir='ltr'>lly-</span> 
     </span>
     <span class='ocr_line' id='line_1_12' title="bbox 426 2269 1506 2356; baseline -0.002 -23"><span class='ocrx_word' id='word_1_86' title='bbox 426 2269 556 2345; x_wconf 85' lang='lat' dir='ltr'>nastias,</span> <span class='ocrx_word' id='word_1_87' title='bbox 580 2271 761 2345; x_wconf 86' lang='lat' dir='ltr'>resecuisse‚</span> <span class='ocrx_word' id='word_1_88' title='bbox 784 2271 928 2335; x_wconf 83' lang='lat' dir='ltr'>Africani</span> <span class='ocrx_word' id='word_1_89' title='bbox 951 2271 1181 2356; x_wconf 84' lang='lat' dir='ltr'>computationi</span> <span class='ocrx_word' id='word_1_90' title='bbox 1205 2270 1448 2345; x_wconf 80' lang='lat' dir='ltr'>subvenientem,</span> <span class='ocrx_word' id='word_1_91' title='bbox 1466 2290 1506 2331; x_wconf 85' lang='lat' dir='ltr'>nec</span> 
     </span>
     <span class='ocr_line' id='line_1_13' title="bbox 426 2370 1505 2457; baseline 0.001 -25"><span class='ocrx_word' id='word_1_92' title='bbox 426 2370 532 2454; x_wconf 92' lang='lat' dir='ltr'>plures</span> <span class='ocrx_word' id='word_1_93' title='bbox 557 2371 637 2447; x_wconf 88' lang='lat' dir='ltr'>ideo,</span> <span class='ocrx_word' id='word_1_94' title='bbox 664 2394 760 2455; x_wconf 88' lang='lat' dir='ltr'>qnam</span> <span class='ocrx_word' id='word_1_95' title='bbox 784 2373 949 2457; x_wconf 80' lang='lat' dir='ltr'>octoginta</span> <span class='ocrx_word' id='word_1_96' title='bbox 972 2395 1029 2436; x_wconf 87' lang='lat' dir='ltr'>sex</span> <span class='ocrx_word' id='word_1_97' title='bbox 1054 2394 1145 2456; x_wconf 85' lang='lat' dir='ltr'>reges</span> <span class='ocrx_word' id='word_1_98' title='bbox 1170 2372 1376 2449; x_wconf 81' lang='lat' dir='ltr'>retinentem,</span> <span class='ocrx_word' id='word_1_99' title='bbox 1398 2391 1505 2455; x_wconf 87' lang='lat' dir='ltr'>quorun</span> 
     </span>
     <span class='ocr_line' id='line_1_14' title="bbox 428 2470 1504 2559; baseline -0.001 -24"><span class='ocrx_word' id='word_1_100' title='bbox 428 2472 541 2536; x_wconf 85' lang='lat' dir='ltr'>Menos</span> <span class='ocrx_word' id='word_1_101' title='bbox 555 2473 688 2557; x_wconf 88' lang='lat' dir='ltr'>primus,</span> <span class='ocrx_word' id='word_1_102' title='bbox 713 2474 843 2538; x_wconf 89' lang='lat' dir='ltr'>ultimus</span> <span class='ocrx_word' id='word_1_103' title='bbox 868 2474 1341 2559; x_wconf 81' lang='lat' dir='ltr'>Amosis,pagg.Synoelli91.</span> <span class='ocrx_word' id='word_1_104' title='bbox 1359 2492 1428 2537; x_wconf 73' lang='grc' dir='ltr'>ατο.</span> <span class='ocrx_word' id='word_1_105' title='bbox 1447 2470 1504 2533; x_wconf 87' lang='lat' dir='ltr'>mihi</span> 
     </span>
     <span class='ocr_line' id='line_1_15' title="bbox 425 2572 1504 2659; baseline 0 -23"><span class='ocrx_word' id='word_1_106' title='bbox 425 2574 627 2637; x_wconf 84' lang='lat' dir='ltr'>nihilominus</span> <span class='ocrx_word' id='word_1_107' title='bbox 653 2575 778 2639; x_wconf 87' lang='lat' dir='ltr'>videtur</span> <span class='ocrx_word' id='word_1_108' title='bbox 804 2575 966 2659; x_wconf 86' lang='lat' dir='ltr'>Synoollus</span> <span class='ocrx_word' id='word_1_109' title='bbox 992 2577 1098 2639; x_wconf 86' lang='lat' dir='ltr'>omnia</span> <span class='ocrx_word' id='word_1_110' title='bbox 1123 2576 1188 2638; x_wconf 84' lang='lat' dir='ltr'>fere</span> <span class='ocrx_word' id='word_1_111' title='bbox 1213 2577 1257 2638; x_wconf 82' lang='lat' dir='ltr'>ad</span> <span class='ocrx_word' id='word_1_112' title='bbox 1283 2597 1335 2638; x_wconf 87' lang='lat' dir='ltr'>res</span> <span class='ocrx_word' id='word_1_113' title='bbox 1359 2572 1504 2657; x_wconf 74' lang='lat' dir='ltr'>AEgyptisr</span> 
     </span>
     <span class='ocr_line' id='line_1_16' title="bbox 425 2675 1503 2761; baseline -0.002 -22"><span class='ocrx_word' id='word_1_114' title='bbox 425 2676 629 2759; x_wconf 76' lang='lat' dir='ltr'>pertinentia,</span> <span class='ocrx_word' id='word_1_115' title='bbox 646 2699 709 2760; x_wconf 91' lang='lat' dir='ltr'>quo</span> <span class='ocrx_word' id='word_1_116' title='bbox 731 2678 841 2742; x_wconf 88' lang='lat' dir='ltr'>ordine</span> <span class='ocrx_word' id='word_1_117' title='bbox 866 2692 899 2742; x_wconf 83' lang='lat' dir='ltr'>et</span> <span class='ocrx_word' id='word_1_118' title='bbox 925 2678 1021 2741; x_wconf 91' lang='lat' dir='ltr'>modo</span> <span class='ocrx_word' id='word_1_119' title='bbox 1047 2699 1117 2740; x_wconf 89' lang='lat' dir='ltr'>oum</span> <span class='ocrx_word' id='word_1_120' title='bbox 1143 2677 1230 2761; x_wconf 90' lang='lat' dir='ltr'>apud</span> <span class='ocrx_word' id='word_1_121' title='bbox 1255 2675 1436 2752; x_wconf 80' lang='lat' dir='ltr'>Eusebium,</span> <span class='ocrx_word' id='word_1_122' title='bbox 1452 2680 1503 2736; x_wconf 86' lang='lat' dir='ltr'>un</span> 
     </span>
     <span class='ocr_line' id='line_1_17' title="bbox 426 2777 1426 2863; baseline 0 -23"><span class='ocrx_word' id='word_1_123' title='bbox 426 2777 512 2860; x_wconf 86' lang='lat' dir='ltr'>apud</span> <span class='ocrx_word' id='word_1_124' title='bbox 527 2777 726 2855; x_wconf 78' lang='lat' dir='ltr'>Africanum,</span> <span class='ocrx_word' id='word_1_125' title='bbox 742 2779 829 2863; x_wconf 87' lang='lat' dir='ltr'>prius</span> <span class='ocrx_word' id='word_1_126' title='bbox 848 2787 1036 2842; x_wconf 84' lang='lat' dir='ltr'>conservata</span> <span class='ocrx_word' id='word_1_127' title='bbox 1050 2786 1167 2853; x_wconf 86' lang='lat' dir='ltr'>essent,</span> <span class='ocrx_word' id='word_1_128' title='bbox 1183 2785 1426 2861; x_wconf 72' lang='lat' dir='ltr'>repraesentasse</span> 
     </span>
    </p>
   </div>
   <div class='ocr_carea' id='block_1_3' title="bbox 839 2968 1128 3032">
    <p class='ocr_par' dir='ltr' id='par_1_3' title="bbox 839 2968 1128 3032">
     <span class='ocr_line' id='line_1_18' title="bbox 839 2968 1128 3032; baseline -0.01 0"><span class='ocrx_word' id='word_1_129' title='bbox 839 2968 1077 3032; x_wconf 82' lang='lat' dir='ltr'>DYNASTlA</span> <span class='ocrx_word' id='word_1_130' title='bbox 1101 2969 1128 3029; x_wconf 92' lang='lat' dir='ltr'>l.</span> 
     </span>
    </p>
   </div>
   <div class='ocr_carea' id='block_1_4' title="bbox 424 3097 1517 5107">
    <p class='ocr_par' dir='ltr' id='par_1_4' title="bbox 424 3097 1517 5107">
     <span class='ocr_line' id='line_1_19' title="bbox 472 3097 1506 3186; baseline -0.004 -19"><span class='ocrx_word' id='word_1_131' title='bbox 472 3105 509 3168; x_wconf 89' lang='lat' dir='ltr'>P.</span> <span class='ocrx_word' id='word_1_132' title='bbox 528 3108 600 3185; x_wconf 86' lang='lat'><strong>246.</strong></span> <span class='ocrx_word' id='word_1_133' title='bbox 618 3105 637 3169; x_wconf 95' lang='lat' dir='ltr'>l.</span> <span class='ocrx_word' id='word_1_134' title='bbox 656 3108 705 3169; x_wconf 85' lang='lat'>26.</span> <span class='ocrx_word' id='word_1_135' title='bbox 723 3109 810 3169; x_wconf 96' lang='grc' dir='ltr'>Μετὰ</span> <span class='ocrx_word' id='word_1_136' title='bbox 833 3107 938 3171; x_wconf 83' lang='grc' dir='ltr'>νεκύος</span> <span class='ocrx_word' id='word_1_137' title='bbox 959 3105 1007 3167; x_wconf 82' lang='grc' dir='ltr'>καὶ</span> <span class='ocrx_word' id='word_1_138' title='bbox 1026 3103 1093 3169; x_wconf 84' lang='grc' dir='ltr'>τοὰς</span> <span class='ocrx_word' id='word_1_139' title='bbox 1113 3103 1263 3186; x_wconf 88' lang='grc' dir='ltr'>ἡμιθέους]</span> <span class='ocrx_word' id='word_1_140' title='bbox 1287 3101 1341 3165; x_wconf 87' lang='lat' dir='ltr'>Sic</span> <span class='ocrx_word' id='word_1_141' title='bbox 1357 3097 1506 3164; x_wconf 60' lang='lat' dir='ltr'>Euthicu</span> 
     </span>
     <span class='ocr_line' id='line_1_20' title="bbox 425 3204 1507 3291; baseline -0.01 -20"><span class='ocrx_word' id='word_1_142' title='bbox 425 3207 582 3289; x_wconf 70' lang='lat' dir='ltr'>Dyuoetia</span> <span class='ocrx_word' id='word_1_143' title='bbox 609 3208 825 3282; x_wconf 89' lang='lat' dir='ltr'>Manethonis‚</span> <span class='ocrx_word' id='word_1_144' title='bbox 854 3229 948 3291; x_wconf 88' lang='lat' dir='ltr'>quam</span> <span class='ocrx_word' id='word_1_145' title='bbox 978 3206 1030 3269; x_wconf 88' lang='lat' dir='ltr'>hio</span> <span class='ocrx_word' id='word_1_146' title='bbox 1059 3204 1253 3290; x_wconf 83' lang='lat' dir='ltr'>sequendam</span> <span class='ocrx_word' id='word_1_147' title='bbox 1282 3211 1372 3290; x_wconf 84' lang='lat' dir='ltr'>puto,</span> <span class='ocrx_word' id='word_1_148' title='bbox 1397 3218 1507 3284; x_wconf 84' lang='lat' dir='ltr'>cumque</span> 
     </span>
     <span class='ocr_line' id='line_1_21' title="bbox 427 3304 1505 3374; baseline -0.005 -2"><span class='ocrx_word' id='word_1_149' title='bbox 427 3309 547 3373; x_wconf 87' lang='lat' dir='ltr'>Graecis</span> <span class='ocrx_word' id='word_1_150' title='bbox 568 3311 697 3374; x_wconf 87' lang='lat' dir='ltr'>Eusebii</span> <span class='ocrx_word' id='word_1_151' title='bbox 721 3332 804 3374; x_wconf 90' lang='lat' dir='ltr'>nunc</span> <span class='ocrx_word' id='word_1_152' title='bbox 825 3310 916 3373; x_wconf 90' lang='lat' dir='ltr'>video</span> <span class='ocrx_word' id='word_1_153' title='bbox 938 3307 1117 3372; x_wconf 87' lang='lat' dir='ltr'>consentire</span> <span class='ocrx_word' id='word_1_154' title='bbox 1135 3305 1312 3369; x_wconf 81' lang='lat' dir='ltr'>versionem</span> <span class='ocrx_word' id='word_1_155' title='bbox 1332 3304 1505 3369; x_wconf 78' lang='lat' dir='ltr'>Armenium·</span> 
     </span>
     <span class='ocr_line' id='line_1_22' title="bbox 428 3404 1508 3494; baseline -0.004 -24"><span class='ocrx_word' id='word_1_156' title='bbox 428 3409 492 3471; x_wconf 92' lang='lat' dir='ltr'>Hic</span> <span class='ocrx_word' id='word_1_157' title='bbox 504 3418 611 3473; x_wconf 81' lang='lat' dir='ltr'>lamen</span> <span class='ocrx_word' id='word_1_158' title='bbox 623 3412 655 3473; x_wconf 94' lang='lat' dir='ltr'>in</span> <span class='ocrx_word' id='word_1_159' title='bbox 667 3410 777 3474; x_wconf 87' lang='lat' dir='ltr'>eadem</span> <span class='ocrx_word' id='word_1_160' title='bbox 789 3410 850 3494; x_wconf 90' lang='lat' dir='ltr'>legi</span> <span class='ocrx_word' id='word_1_161' title='bbox 863 3432 954 3494; x_wconf 89' lang='lat' dir='ltr'>posse</span> <span class='ocrx_word' id='word_1_162' title='bbox 966 3418 1074 3472; x_wconf 89' lang='lat' dir='ltr'>censet</span> <span class='ocrx_word' id='word_1_163' title='bbox 1086 3406 1236 3492; x_wconf 79' lang='lat' dir='ltr'>Scaliger,</span> <span class='ocrx_word' id='word_1_164' title='bbox 1247 3408 1317 3473; x_wconf 83' lang='grc' dir='ltr'>τοὺς</span> <span class='ocrx_word' id='word_1_165' title='bbox 1330 3409 1377 3469; x_wconf 80' lang='grc' dir='ltr'>καὶ</span> <span class='ocrx_word' id='word_1_166' title='bbox 1385 3404 1508 3485; x_wconf 72' lang='grc' dir='ltr'>ἡμιθέους.</span> 
     </span>
     <span class='ocr_line' id='line_1_23' title="bbox 427 3498 1510 3594; baseline -0.004 -23"><span class='ocrx_word' id='word_1_167' title='bbox 427 3510 498 3572; x_wconf 82' lang='lat' dir='ltr'>Not.</span> <span class='ocrx_word' id='word_1_168' title='bbox 526 3511 561 3573; x_wconf 84' lang='grc' dir='ltr'>ιἰι</span> <span class='ocrx_word' id='word_1_169' title='bbox 588 3512 703 3574; x_wconf 80' lang='lat' dir='ltr'>Grceco</span> <span class='ocrx_word' id='word_1_170' title='bbox 725 3511 852 3574; x_wconf 79' lang='lat' dir='ltr'>Eucedii</span> <span class='ocrx_word' id='word_1_171' title='bbox 873 3533 903 3594; x_wconf 90' lang='lat' dir='ltr'>p.</span> <span class='ocrx_word' id='word_1_172' title='bbox 926 3530 1002 3587; x_wconf 82' lang='lat'>411.</span> <span class='ocrx_word' id='word_1_173' title='bbox 1049 3507 1200 3571; x_wconf 79' lang='lat' dir='ltr'>Similiter</span> <span class='ocrx_word' id='word_1_174' title='bbox 1226 3507 1356 3590; x_wconf 88' lang='lat' dir='ltr'>quidem</span> <span class='ocrx_word' id='word_1_175' title='bbox 1381 3498 1510 3589; x_wconf 64' lang='lat' dir='ltr'>Africani</span> 
     </span>
     <span class='ocr_line' id='line_1_24' title="bbox 426 3605 1511 3696; baseline -0.004 -23"><span class='ocrx_word' id='word_1_176' title='bbox 426 3611 524 3673; x_wconf 85' lang='lat' dir='ltr'>editio</span> <span class='ocrx_word' id='word_1_177' title='bbox 548 3612 689 3696; x_wconf 86' lang='lat' dir='ltr'>ejusdem</span> <span class='ocrx_word' id='word_1_178' title='bbox 713 3613 890 3696; x_wconf 87' lang='lat' dir='ltr'>Dynastiae,</span> <span class='ocrx_word' id='word_1_179' title='bbox 916 3614 1004 3673; x_wconf 87' lang='grc' dir='ltr'>Μετὰ</span> <span class='ocrx_word' id='word_1_180' title='bbox 1031 3611 1135 3674; x_wconf 87' lang='grc' dir='ltr'>νεκύας</span> <span class='ocrx_word' id='word_1_181' title='bbox 1161 3608 1229 3673; x_wconf 86' lang='grc' dir='ltr'>τοὺς</span> <span class='ocrx_word' id='word_1_182' title='bbox 1257 3607 1405 3686; x_wconf 80' lang='grc' dir='ltr'>ἡμιθέους.</span> <span class='ocrx_word' id='word_1_183' title='bbox 1449 3605 1511 3669; x_wconf 79' lang='lat' dir='ltr'>(lum</span> 
     </span>
     <span class='ocr_line' id='line_1_25' title="bbox 427 3712 1510 3796; baseline -0.005 -23"><span class='ocrx_word' id='word_1_184' title='bbox 427 3733 500 3773; x_wconf 90' lang='lat' dir='ltr'>vero</span> <span class='ocrx_word' id='word_1_185' title='bbox 525 3712 685 3796; x_wconf 81' lang='lat' dir='ltr'>scripserit</span> <span class='ocrx_word' id='word_1_186' title='bbox 709 3714 748 3775; x_wconf 91' lang='lat' dir='ltr'>de</span> <span class='ocrx_word' id='word_1_187' title='bbox 772 3713 978 3775; x_wconf 87' lang='lat' dir='ltr'>Manethonis</span> <span class='ocrx_word' id='word_1_188' title='bbox 1003 3733 1098 3795; x_wconf 90' lang='lat' dir='ltr'>opere</span> <span class='ocrx_word' id='word_1_189' title='bbox 1122 3712 1222 3784; x_wconf 84' lang='lat' dir='ltr'>istaeo,</span> <span class='ocrx_word' id='word_1_190' title='bbox 1241 3731 1317 3792; x_wconf 72' lang='lat' dir='ltr'>,quae</span> <span class='ocrx_word' id='word_1_191' title='bbox 1343 3714 1510 3792; x_wconf 83' lang='lat' dir='ltr'>sequuntur,</span> 
     </span>
     <span class='ocr_line' id='line_1_26' title="bbox 427 3807 1512 3899; baseline -0.009 -21"><span class='ocrx_word' id='word_1_192' title='bbox 427 3815 581 3899; x_wconf 84' lang='lat' dir='ltr'>Georgius</span> <span class='ocrx_word' id='word_1_193' title='bbox 607 3815 769 3899; x_wconf 87' lang='lat' dir='ltr'>Synccllus</span> <span class='ocrx_word' id='word_1_194' title='bbox 795 3838 825 3899; x_wconf 93' lang='lat' dir='ltr'>p.</span> <span class='ocrx_word' id='word_1_195' title='bbox 849 3836 901 3894; x_wconf 89' lang='lat'>40.</span> <span class='ocrx_word' id='word_1_196' title='bbox 926 3810 1152 3896; x_wconf 78' lang='lat' dir='ltr'>Chrouoprapl.</span> <span class='ocrx_word' id='word_1_197' title='bbox 1208 3807 1339 3870; x_wconf 89' lang='lat' dir='ltr'>Eusebii</span> <span class='ocrx_word' id='word_1_198' title='bbox 1364 3807 1512 3871; x_wconf 82' lang='lat' dir='ltr'>lectionem</span> 
     </span>
     <span class='ocr_line' id='line_1_27' title="bbox 425 3908 1511 4000; baseline -0.01 -21"><span class='ocrx_word' id='word_1_199' title='bbox 425 3918 654 4000; x_wconf 66' lang='lat' dir='ltr'>praeferendam</span> <span class='ocrx_word' id='word_1_200' title='bbox 674 3940 742 3980; x_wconf 89' lang='lat' dir='ltr'>esse</span> <span class='ocrx_word' id='word_1_201' title='bbox 761 3917 855 3980; x_wconf 81' lang='lat' dir='ltr'>duxi:</span> <span class='ocrx_word' id='word_1_202' title='bbox 881 3919 968 3980; x_wconf 86' lang='grc' dir='ltr'>Μετὰ</span> <span class='ocrx_word' id='word_1_203' title='bbox 988 3918 1021 3978; x_wconf 68' lang='grc' dir='ltr'>δὲ</span> <span class='ocrx_word' id='word_1_204' title='bbox 1041 3920 1133 3976; x_wconf 82' lang='grc' dir='ltr'>ταῦτα</span> <span class='ocrx_word' id='word_1_205' title='bbox 1156 3909 1339 3995; x_wconf 84' lang='lat' dir='ltr'>(epistolam</span> <span class='ocrx_word' id='word_1_206' title='bbox 1360 3910 1403 3974; x_wconf 90' lang='lat' dir='ltr'>ad</span> <span class='ocrx_word' id='word_1_207' title='bbox 1419 3908 1511 3971; x_wconf 87' lang='lat' dir='ltr'>Ptolo·</span> 
     </span>
     <span class='ocr_line' id='line_1_28' title="bbox 425 4011 1513 4102; baseline -0.006 -23"><span class='ocrx_word' id='word_1_208' title='bbox 425 4038 539 4080; x_wconf 81' lang='lat' dir='ltr'>meeum</span> <span class='ocrx_word' id='word_1_209' title='bbox 571 4018 813 4102; x_wconf 81' lang='lat' dir='ltr'>Philadelphum</span> <span class='ocrx_word' id='word_1_210' title='bbox 841 4041 862 4081; x_wconf 87' lang='lat' dir='ltr'>a</span> <span class='ocrx_word' id='word_1_211' title='bbox 892 4017 1093 4080; x_wconf 83' lang='lat' dir='ltr'>Manethone</span> <span class='ocrx_word' id='word_1_212' title='bbox 1122 4013 1209 4097; x_wconf 87' lang='lat' dir='ltr'>operi</span> <span class='ocrx_word' id='word_1_213' title='bbox 1238 4034 1297 4074; x_wconf 90' lang='lat' dir='ltr'>suo</span> <span class='ocrx_word' id='word_1_214' title='bbox 1335 4011 1513 4096; x_wconf 74' lang='lat' dir='ltr'>praemissam</span> 
     </span>
     <span class='ocr_line' id='line_1_29' title="bbox 427 4111 1514 4204; baseline -0.008 -22"><span class='ocrx_word' id='word_1_215' title='bbox 427 4120 582 4204; x_wconf 82' lang='lat' dir='ltr'>Georgius</span> <span class='ocrx_word' id='word_1_216' title='bbox 600 4128 675 4183; x_wconf 83' lang='lat' dir='ltr'>ante</span> <span class='ocrx_word' id='word_1_217' title='bbox 696 4119 920 4204; x_wconf 79' lang='lat' dir='ltr'>descripserat)</span> <span class='ocrx_word' id='word_1_218' title='bbox 946 4119 994 4179; x_wconf 88' lang='grc' dir='ltr'>καὶ</span> <span class='ocrx_word' id='word_1_219' title='bbox 1014 4116 1081 4195; x_wconf 84' lang='grc' dir='ltr'>περὶ</span> <span class='ocrx_word' id='word_1_220' title='bbox 1102 4117 1196 4176; x_wconf 85' lang='grc' dir='ltr'>έθνῶν</span> <span class='ocrx_word' id='word_1_221' title='bbox 1212 4115 1422 4192; x_wconf 78' lang='grc' dir='ltr'>Αἰγυπτιακῶν</span> <span class='ocrx_word' id='word_1_222' title='bbox 1441 4111 1514 4174; x_wconf 74' lang='grc' dir='ltr'>πέντε</span> 
     </span>
     <span class='ocr_line' id='line_1_30' title="bbox 427 4211 1514 4300; baseline -0.004 -18"><span class='ocrx_word' id='word_1_223' title='bbox 427 4222 461 4282; x_wconf 92' lang='grc' dir='ltr'>έν</span> <span class='ocrx_word' id='word_1_224' title='bbox 475 4221 632 4300; x_wconf 80' lang='grc' dir='ltr'>τριάκοντα</span> <span class='ocrx_word' id='word_1_225' title='bbox 646 4223 832 4286; x_wconf 81' lang='grc' dir='ltr'>δυναστείαις</span> <span class='ocrx_word' id='word_1_226' title='bbox 847 4222 967 4298; x_wconf 78' lang='grc' dir='ltr'>ἱστορεῖ,</span> <span class='ocrx_word' id='word_1_227' title='bbox 984 4224 1042 4279; x_wconf 81' lang='grc' dir='ltr'>τῶν</span> <span class='ocrx_word' id='word_1_228' title='bbox 1057 4213 1230 4296; x_wconf 82' lang='grc' dir='ltr'>λεγομένων</span> <span class='ocrx_word' id='word_1_229' title='bbox 1245 4211 1313 4291; x_wconf 83' lang='grc' dir='ltr'>παρ’</span> <span class='ocrx_word' id='word_1_230' title='bbox 1329 4217 1429 4278; x_wconf 80' lang='grc' dir='ltr'>αὐτοῖς</span> <span class='ocrx_word' id='word_1_231' title='bbox 1443 4217 1514 4277; x_wconf 76' lang='grc' dir='ltr'>θεῶν,</span> 
     </span>
     <span class='ocr_line' id='line_1_31' title="bbox 426 4312 1515 4400; baseline -0.012 -16"><span class='ocrx_word' id='word_1_232' title='bbox 426 4324 474 4384; x_wconf 82' lang='grc' dir='ltr'>καὶ</span> <span class='ocrx_word' id='word_1_233' title='bbox 489 4322 627 4400; x_wconf 83' lang='grc' dir='ltr'>ἡμιθέων,</span> <span class='ocrx_word' id='word_1_234' title='bbox 644 4323 692 4384; x_wconf 81' lang='grc' dir='ltr'>καὶ</span> <span class='ocrx_word' id='word_1_235' title='bbox 708 4323 827 4396; x_wconf 80' lang='grc' dir='ltr'>νεκύων,</span> <span class='ocrx_word' id='word_1_236' title='bbox 845 4321 893 4383; x_wconf 87' lang='grc' dir='ltr'>καὶ</span> <span class='ocrx_word' id='word_1_237' title='bbox 907 4324 1032 4397; x_wconf 83' lang='grc' dir='ltr'>θνητῶν,</span> <span class='ocrx_word' id='word_1_238' title='bbox 1049 4316 1153 4379; x_wconf 80' lang='grc' dir='ltr'>ὤνκαὶ</span> <span class='ocrx_word' id='word_1_239' title='bbox 1169 4312 1319 4390; x_wconf 84' lang='grc' dir='ltr'>Εὐσέβιος</span> <span class='ocrx_word' id='word_1_240' title='bbox 1335 4316 1352 4375; x_wconf 87' lang='grc' dir='ltr'>ὁ</span> <span class='ocrx_word' id='word_1_241' title='bbox 1366 4313 1515 4391; x_wconf 70' lang='grc' dir='ltr'>Παμφίλου</span> 
     </span>
     <span class='ocr_line' id='line_1_32' title="bbox 424 4416 1515 4504; baseline -0.01 -20"><span class='ocrx_word' id='word_1_242' title='bbox 424 4424 565 4501; x_wconf 82' lang='grc' dir='ltr'>μνησθεὶς</span> <span class='ocrx_word' id='word_1_243' title='bbox 581 4426 614 4485; x_wconf 88' lang='grc' dir='ltr'>έν</span> <span class='ocrx_word' id='word_1_244' title='bbox 634 4429 695 4487; x_wconf 82' lang='grc' dir='ltr'>τοῖς</span> <span class='ocrx_word' id='word_1_245' title='bbox 714 4427 863 4504; x_wconf 83' lang='grc' dir='ltr'>χρονικοῖς</span> <span class='ocrx_word' id='word_1_246' title='bbox 883 4421 972 4482; x_wconf 81' lang='grc' dir='ltr'>αὐτοῦ</span> <span class='ocrx_word' id='word_1_247' title='bbox 993 4419 1087 4499; x_wconf 81' lang='grc' dir='ltr'>φησὶν</span> <span class='ocrx_word' id='word_1_248' title='bbox 1108 4419 1191 4479; x_wconf 82' lang='grc' dir='ltr'>οὕτω·</span> <span class='ocrx_word' id='word_1_249' title='bbox 1216 4416 1375 4493; x_wconf 79' lang='grc' dir='ltr'>Αἰγύπτιοι</span> <span class='ocrx_word' id='word_1_250' title='bbox 1392 4417 1425 4476; x_wconf 76' lang='grc' dir='ltr'>δὲ</span> <span class='ocrx_word' id='word_1_251' title='bbox 1445 4416 1515 4479; x_wconf 75' lang='grc' dir='ltr'>θεῶν,</span> 
     </span>
     <span class='ocr_line' id='line_1_33' title="bbox 426 4512 1517 4602; baseline -0.013 -15"><span class='ocrx_word' id='word_1_252' title='bbox 426 4526 473 4587; x_wconf 84' lang='grc' dir='ltr'>καὶ</span> <span class='ocrx_word' id='word_1_253' title='bbox 487 4525 627 4602; x_wconf 82' lang='grc' dir='ltr'>ἡμιθέων,</span> <span class='ocrx_word' id='word_1_254' title='bbox 638 4524 684 4585; x_wconf 82' lang='grc' dir='ltr'>καὶ</span> <span class='ocrx_word' id='word_1_255' title='bbox 699 4526 779 4602; x_wconf 90' lang='grc' dir='ltr'>παρὰ</span> <span class='ocrx_word' id='word_1_256' title='bbox 793 4525 913 4586; x_wconf 86' lang='grc' dir='ltr'>τούτους</span> <span class='ocrx_word' id='word_1_257' title='bbox 927 4522 1039 4583; x_wconf 80' lang='grc' dir='ltr'>νεκύων</span> <span class='ocrx_word' id='word_1_258' title='bbox 1055 4520 1102 4581; x_wconf 85' lang='grc' dir='ltr'>καὶ</span> <span class='ocrx_word' id='word_1_259' title='bbox 1118 4521 1232 4593; x_wconf 80' lang='grc' dir='ltr'>θνητῶν</span> <span class='ocrx_word' id='word_1_260' title='bbox 1248 4515 1360 4595; x_wconf 71' lang='grc' dir='ltr'>ἑτέρων</span> <span class='ocrx_word' id='word_1_261' title='bbox 1374 4512 1517 4593; x_wconf 77' lang='grc' dir='ltr'>βασιλέων</span> 
     </span>
     <span class='ocr_line' id='line_1_34' title="bbox 424 4610 1517 4700; baseline -0.009 -18"><span class='ocrx_word' id='word_1_262' title='bbox 424 4621 544 4697; x_wconf 85' lang='grc' dir='ltr'>πολλὴν</span> <span class='ocrx_word' id='word_1_263' title='bbox 560 4622 607 4683; x_wconf 88' lang='grc' dir='ltr'>καὶ</span> <span class='ocrx_word' id='word_1_264' title='bbox 622 4622 760 4700; x_wconf 81' lang='grc' dir='ltr'>φλύαρον</span> <span class='ocrx_word' id='word_1_265' title='bbox 775 4620 944 4699; x_wconf 82' lang='grc' dir='ltr'>συνείρουσι</span> <span class='ocrx_word' id='word_1_266' title='bbox 961 4617 1157 4697; x_wconf 78' lang='grc' dir='ltr'>μυθολογίαν,</span> <span class='ocrx_word' id='word_1_267' title='bbox 1181 4636 1212 4697; x_wconf 89' lang='lat' dir='ltr'>p.</span> <span class='ocrx_word' id='word_1_268' title='bbox 1226 4632 1280 4692; x_wconf 87' lang='lat'>40.</span> <span class='ocrx_word' id='word_1_269' title='bbox 1328 4612 1369 4674; x_wconf 90' lang='lat' dir='ltr'>In</span> <span class='ocrx_word' id='word_1_270' title='bbox 1385 4610 1517 4676; x_wconf 69' lang='lat' dir='ltr'>Claram&#39;w</span> 
     </span>
     <span class='ocr_line' id='line_1_35' title="bbox 425 4707 1517 4805; baseline -0.008 -22"><span class='ocrx_word' id='word_1_271' title='bbox 425 4743 549 4805; x_wconf 90' lang='lat' dir='ltr'>quoquo</span> <span class='ocrx_word' id='word_1_272' title='bbox 575 4744 610 4783; x_wconf 76' lang='grc' dir='ltr'>ου</span> <span class='ocrx_word' id='word_1_273' title='bbox 633 4719 817 4784; x_wconf 78' lang='lat' dir='ltr'>Eusebiouio</span> <span class='ocrx_word' id='word_1_274' title='bbox 839 4718 1033 4793; x_wconf 79' lang='lat' dir='ltr'>Abdreoiulo,</span> <span class='ocrx_word' id='word_1_275' title='bbox 1058 4716 1141 4801; x_wconf 91' lang='lat' dir='ltr'>qnod</span> <span class='ocrx_word' id='word_1_276' title='bbox 1165 4714 1346 4798; x_wconf 86' lang='lat' dir='ltr'>nuperrime</span> <span class='ocrx_word' id='word_1_277' title='bbox 1368 4707 1517 4776; x_wconf 80' lang='lat' dir='ltr'>edidital</span> 
     </span>
     <span class='ocr_line' id='line_1_36' title="bbox 426 4812 1517 4905; baseline -0.01 -21"><span class='ocrx_word' id='word_1_278' title='bbox 426 4822 569 4904; x_wconf 81' lang='lat' dir='ltr'>Angelus</span> <span class='ocrx_word' id='word_1_279' title='bbox 591 4821 710 4897; x_wconf 88' lang='lat' dir='ltr'>Maius,</span> <span class='ocrx_word' id='word_1_280' title='bbox 726 4842 858 4905; x_wconf 89' lang='lat' dir='ltr'>regnum</span> <span class='ocrx_word' id='word_1_281' title='bbox 873 4819 1105 4904; x_wconf 88' lang='lat' dir='ltr'>AEgyptiacum</span> <span class='ocrx_word' id='word_1_282' title='bbox 1127 4815 1316 4879; x_wconf 84' lang='lat' dir='ltr'>mortalibus</span> <span class='ocrx_word' id='word_1_283' title='bbox 1338 4812 1517 4877; x_wconf 71' lang='lat' dir='ltr'>antecedens</span> 
     </span>
     <span class='ocr_line' id='line_1_37' title="bbox 425 4909 1516 4997; baseline -0.01 -14"><span class='ocrx_word' id='word_1_284' title='bbox 425 4922 581 4984; x_wconf 81' lang='lat' dir='ltr'>trifariam</span> <span class='ocrx_word' id='word_1_285' title='bbox 607 4922 739 4984; x_wconf 90' lang='lat' dir='ltr'>divisum</span> <span class='ocrx_word' id='word_1_286' title='bbox 766 4929 867 4996; x_wconf 83' lang='lat' dir='ltr'>extat,</span> <span class='ocrx_word' id='word_1_287' title='bbox 892 4921 1041 4982; x_wconf 88' lang='lat' dir='ltr'>nimirum</span> <span class='ocrx_word' id='word_1_288' title='bbox 1068 4919 1100 4981; x_wconf 94' lang='lat' dir='ltr'>in</span> <span class='ocrx_word' id='word_1_289' title='bbox 1122 4939 1177 4980; x_wconf 86' lang='lat' dir='ltr'>sex</span> <span class='ocrx_word' id='word_1_290' title='bbox 1201 4915 1344 4977; x_wconf 91' lang='lat' dir='ltr'>Deorum</span> <span class='ocrx_word' id='word_1_291' title='bbox 1367 4909 1516 4997; x_wconf 83' lang='lat' dir='ltr'>regna,in</span> 
     </span>
     <span class='ocr_line' id='line_1_38' title="bbox 425 5012 1514 5107; baseline -0.008 -23"><span class='ocrx_word' id='word_1_292' title='bbox 425 5043 523 5107; x_wconf 87' lang='lat' dir='ltr'>regnu</span> <span class='ocrx_word' id='word_1_293' title='bbox 538 5021 765 5096; x_wconf 88' lang='lat' dir='ltr'>Semideorum‚</span> <span class='ocrx_word' id='word_1_294' title='bbox 781 5044 819 5084; x_wconf 86' lang='lat' dir='ltr'>ao</span> <span class='ocrx_word' id='word_1_295' title='bbox 834 5029 948 5106; x_wconf 90' lang='lat' dir='ltr'>postea</span> <span class='ocrx_word' id='word_1_296' title='bbox 963 5022 1074 5083; x_wconf 82' lang='grc' dir='ltr'>νεκύων</span> <span class='ocrx_word' id='word_1_297' title='bbox 1089 5041 1143 5082; x_wconf 90' lang='lat' dir='ltr'>seu</span> <span class='ocrx_word' id='word_1_298' title='bbox 1158 5016 1309 5080; x_wconf 89' lang='lat' dir='ltr'>manium.</span> <span class='ocrx_word' id='word_1_299' title='bbox 1342 5017 1409 5078; x_wconf 70' lang='lat' dir='ltr'>Va.</span> <span class='ocrx_word' id='word_1_300' title='bbox 1422 5012 1514 5094; x_wconf 63' lang='grc' dir='ltr'>θυαμ</span> 
     </span>
    </p>
   </div>
   <div class='ocr_carea' id='block_1_5' title="bbox 424 5116 1512 5197">
    <p class='ocr_par' dir='ltr' id='par_1_5' title="bbox 424 5116 1512 5197">
     <span class='ocr_line' id='line_1_39' title="bbox 424 5116 1512 5197; baseline -0.013 -10"><span class='ocrx_word' id='word_1_301' title='bbox 424 5135 521 5189; x_wconf 77' lang='lat' dir='ltr'>torum</span> <span class='ocrx_word' id='word_1_302' title='bbox 545 5124 681 5189; x_wconf 65' lang='lat' dir='ltr'>Cotuato</span> <span class='ocrx_word' id='word_1_303' title='bbox 703 5146 718 5187; x_wconf 86' lang='grc' dir='ltr'>ι</span> <span class='ocrx_word' id='word_1_304' title='bbox 737 5124 897 5189; x_wconf 74' lang='lat' dir='ltr'>Vaticanis</span> <span class='ocrx_word' id='word_1_305' title='bbox 917 5121 1075 5187; x_wconf 73' lang='lat' dir='ltr'>Godieiduo</span> <span class='ocrx_word' id='word_1_306' title='bbox 1098 5121 1193 5197; x_wconf 82' lang='lat' dir='ltr'>editu,</span> <span class='ocrx_word' id='word_1_307' title='bbox 1213 5119 1303 5182; x_wconf 89' lang='lat' dir='ltr'>Tom.</span> <span class='ocrx_word' id='word_1_308' title='bbox 1327 5116 1392 5183; x_wconf 89' lang='lat' dir='ltr'><strong>III.</strong></span> <span class='ocrx_word' id='word_1_309' title='bbox 1414 5116 1451 5178; x_wconf 89' lang='lat' dir='ltr'>P.</span> <span class='ocrx_word' id='word_1_310' title='bbox 1471 5131 1512 5176; x_wconf 80' lang='grc' dir='ltr'>ιι.</span> 
     </span>
    </p>
   </div>
   <div class='ocr_carea' id='block_1_6' title="bbox 0 0 1971 6467">
    <p class='ocr_par' dir='ltr' id='par_1_6' title="bbox 0 0 1971 6467">
     <span class='ocr_line' id='line_1_40' title="bbox 0 0 1971 6467; baseline 0 0"><span class='ocrx_word' id='word_1_311' title='bbox 0 0 1971 6467; x_wconf 95' lang='lat' dir='ltr'> </span> 
     </span>
    </p>
   </div>
  </div>
 </body>
</html>
