3917 6467
424 1102 492 1167 ata
791 1094 1153 1165 ANNOTATIONES

425 1273 460 1337 ἐκ
472 1271 587 1352 μνήμης
600 1279 677 1336 ante
694 1272 727 1336 ἔκ
741 1294 785 1334 τε.
817 1268 965 1334 Valesius
978 1269 1106 1335 volebat
1119 1268 1180 1332 ἀπὸ
1189 1267 1306 1350 μνήμης
1315 1275 1388 1354 post
1395 1269 1490 1351 ἡκρῢ,

425 1375 482 1438 sed
496 1395 568 1438 oum
582 1373 716 1437 Rufinus
732 1372 829 1437 alium
843 1373 1009 1436 verborum
1024 1371 1167 1435 ordinem
1182 1371 1332 1450 amavit,
1346 1378 1413 1436 tum
1422 1370 1493 1436 etisn

425 1475 632 1541 verosimilius
652 1482 702 1540 est
723 1475 840 1539 loetum
862 1496 931 1538 esse
957 1476 990 1537 lx
1016 1494 1112 1559 quam
1138 1474 1208 1538 aaa.
1243 1474 1361 1560 duplex
1383 1473 1496 1539 erint·

425 1576 589 1643 librarium
611 1585 663 1642 sat
684 1578 852 1662 antiquum
877 1575 998 1640 lelellit.
1028 1578 1061 1640 tx
1086 1574 1200 1655 μνήμης
1227 1597 1304 1640 vero
1330 1578 1434 1641 Graeoe
1452 1575 1498 1640 did

425 1700 519 1764 posse
539 1699 633 1742 nomo
655 1677 856 1743 inficiabitur.
902 1676 1055 1742 Similiter
1077 1678 1164 1763 apud
1180 1677 1404 1742 Herodianum
1420 1679 1499 1742 eta

427 1780 624 1859 συνειδήσεως
649 1786 683 1845 et
709 1779 949 1865 quamplurima
974 1778 1046 1843 aliae
1070 1779 1166 1863 hujus
1189 1781 1319 1865 generis
1344 1780 1500 1845 looutiones

426 1882 559 1947 Sraorn.
604 1883 737 1967 Raoepit
752 1904 844 1947 voees
868 1881 901 1945 in
920 1890 1047 1947 textum
1070 1902 1161 1946 suum
1185 1903 1289 1968 nuper
1303 1882 1501 1947 Heinioheum

426 1985 577 2050 (letarum
599 1984 696 2048 Verte
709 1985 841 2048 Dianio
856 1984 1017 2049 Hebraioa
1030 1984 1237 2048 nominantur
1250 1983 1325 2048 libri
1340 1983 1420 2048 seori
1431 1981 1502 2066 mlgo

426 2088 464 2150 rt
478 2088 733 2168 Παραλειπόμευα
747 2086 812 2150 sive
829 2086 980 2151 Chronica
993 2092 1116 2151 vocata.

470 2189 509 2252 P.
528 2206 601 2274 237.
616 2187 637 2253 l.
653 2206 684 2272 5.
703 2191 744 2255 tls
758 2188 845 2273 ὅσον]
862 2186 898 2266 ἐξ
910 2190 991 2252 ὅσων
1006 2186 1232 2271 MS.Norfolo.
1250 2188 1282 2254 ds
1296 2189 1368 2251 ivor
1381 2185 1502 2251 mmdooe

426 2289 555 2375 Nioeplt.
601 2290 694 2354 Nune
711 2289 810 2354 refert
824 2289 988 2355 Burtonus
1008 2291 1125 2354 habere
1146 2290 1177 2356 ἐς
1196 2290 1273 2352 ὅσον
1292 2287 1378 2352 oodd.
1394 2288 1503 2352 Monet

426 2391 633 2457 Florentium.
673 2392 754 2456 Mox
769 2393 835 2475 ἔχοι
849 2414 907 2476 pro
922 2392 987 2475 ἔχει
1002 2394 1102 2457 MSS.
1116 2390 1207 2455 Bodl.
1222 2398 1258 2455 et
1272 2391 1410 2476 Norfolo.
1440 2389 1502 2455 Cum

426 2492 596 2578 reoepisset
618 2492 651 2556 in
673 2500 800 2575 textum
821 2515 914 2557 suum
937 2496 1100 2559 Burtonus
1121 2494 1188 2576 ἔχοι
1212 2514 1255 2556 ex
1280 2493 1352 2557 aliis
1374 2500 1503 2579 prutes

426 2595 519 2660 oodd.
534 2596 623 2659 Mae.
639 2596 748 2661 Paris.
766 2616 794 2660 1.
809 2595 1060 2681 Florentinirque
1079 2603 1112 2660 et
1131 2595 1239 2658 forsan
1257 2595 1347 2660 Mod.
1366 2602 1400 2660 et
1418 2592 1501 2658 Feta

435 2718 520 2761 nunc
536 2719 598 2782 ego
613 2696 697 2761 idem
715 2697 786 2762 feei.

472 2798 554 2863 Ibid.
570 2799 590 2862 l.
609 2816 637 2880 7.
654 2799 761 2884 ἄλλος]
781 2799 883 2866 ἄλλως
902 2798 948 2863 ad.
966 2796 1070 2882 dtepd.
1094 2797 1229 2861 Sinera.
1278 2798 1332 2862 lta
1353 2805 1386 2863 et
1401 2794 1501 2881 Ntospl.

428 2898 521 2964 Nune
542 2900 640 2964 refert
662 2900 826 2964 Burtonus
847 2906 958 2964 extare
977 2900 1079 2966 ἄλλος
1099 2898 1132 2962 in
1146 2900 1221 2985 neq.
1236 2906 1272 2964 et
1286 2900 1375 2965 Flor.
1382 2901 1502 2985 priores

428 3001 566 3065 seeundo
580 3022 686 3066 manu.

471 3101 555 3168 Ibid.
570 3104 592 3168 l.
609 3105 638 3170 8.
655 3109 712 3172 πᾶς
732 3105 777 3191 τε]
801 3105 893 3169 παντί
914 3129 947 3167 τε
969 3103 1129 3168 loretum·
1151 3103 1335 3187 temleri·
1356 3112 1385 3168 et
1406 3102 1446 3166 ad.
1460 3100 1502 3164 (lt

427 3206 563 3270 masada
578 3207 745 3293 Marpines.
762 3208 864 3274 ἄλλως
885 3232 918 3271 τε
940 3205 974 3273 ὃς
993 3205 1162 3290 Chriatoplr.
1177 3205 1335 3270 Lentim
1354 3226 1417 3269 non
1432 3201 1503 3267 male.

429 3306 560 3371 Srsorn.
604 3309 713 3376 πάντες
728 3309 801 3372 MS.
818 3307 908 3373 Bodl.
924 3312 981 3373 πᾶς
995 3332 1031 3388 γε
1045 3305 1175 3391 Nicepl.

476 3410 559 3474 Ibid.
576 3414 647 3490 αὕτη
665 3410 797 3495 μελέτω]
820 3412 907 3489 αὐτῆς
926 3437 957 3489 μ.
979 3410 1139 3493 Maryt'nea
1161 3409 1234 3472 edit.
1260 3411 1372 3473 Genea.
1392 3416 1419 3472 ot
1435 3426 1505 3471 m

421 3513 526 3599 pltris
539 3513 640 3577 Jonas.
658 3513 869 3597 Stephanique
884 3513 980 3576 Leott.
1004 3512 1135 3574 Sraorn.
1181 3509 1246 3579 Qui
1270 3511 1398 3595 quidem
1419 3518 1506 3576 aas

427 3622 466 3678 ut
480 3614 555 3692 dixi,
571 3615 604 3678 in
620 3636 717 3678 unum
731 3612 867 3678 fortusse
884 3613 1040 3678 reoidunt.

473 3716 554 3780 Ibid.
570 3716 591 3779 l.
608 3737 640 3799 9.
658 3719 684 3779 sl
696 3718 743 3779 καὶ
757 3717 798 3796 μὴ
813 3716 995 3796 ἑμμάρτυρός
1009 3717 1086 3798 ἔστι]
1105 3716 1145 3777 ln
1160 3713 1269 3778 codice
1281 3713 1384 3799 Regio
1398 3722 1431 3777 et
1443 3709 1509 3796 apul

429 3818 642 3904 Nicephorum
656 3816 773 3903 legitur
788 3820 815 3881 sl
829 3818 877 3880 καὶ
892 3817 1066 3897 dpdprupos,
1083 3816 1168 3901 quod
1183 3816 1268 3879 idem
1284 3824 1344 3880 est.
1382 3815 1510 3880 Getarum

428 3921 540 4006 quanti
555 3920 700 3985 facienda
714 3919 757 3983 sit
771 3919 839 3983 haeo
854 3918 1024 4004 evangelici
1039 3918 1099 3982 looi
1115 3917 1296 4002 explicatio,
1312 3924 1403 4002 patet
1422 3939 1458 3981 ax
1475 3913 1513 3977 his

428 4023 573 4086 Asrioani
599 4021 721 4094 verbis;
757 4021 873 4105 quippe
903 4021 955 4104 qui
986 4021 1107 4085 fatetur
1136 4041 1205 4083 eam
1235 4019 1324 4082 nullo
1349 4014 1513 4083 testimonio

428 4124 531 4188 fuloiri
546 4132 687 4189 veterum
702 4123 902 4209 scriptorum.
941 4122 1082 4186 Admitti
1097 4129 1205 4186 tamen
1220 4142 1292 4184 eam
1307 4121 1377 4184 vult
1396 4143 1418 4184 a
1431 4117 1515 4191 nobis,

428 4249 468 4291 eo
483 4229 566 4311 quod
582 4227 668 4290 nulla
682 4225 792 4289 melior
806 4225 911 4288 afferri
926 4224 1037 4309 possit.
1079 4225 1157 4305 Quae
1173 4244 1245 4286 oum
1260 4222 1309 4286 ita
1324 4221 1404 4299 sint,
1418 4220 1515 4284 nollem

429 4328 602 4392 Eusebium
618 4335 762 4391 nostrum
773 4327 805 4389 in
815 4326 972 4392 vestibulo
987 4326 1128 4390 historiae
1140 4346 1217 4401 suaa,
1228 4323 1425 4387 mentionem
1439 4320 1517 4405 hujus

428 4431 474 4494 rei
489 4429 609 4494 fauisse.
655 4429 763 4494 Satius
783 4430 926 4513 proleoto
945 4429 1057 4492 fuisset
1077 4450 1115 4492 ao
1135 4426 1321 4501 consultius,
1336 4426 1421 4489 hano
1440 4442 1518 4489 erun

427 4533 581 4618 galiorum
601 4531 829 4596 dissonantiam
850 4531 975 4595 silentio
990 4530 1159 4606 involvere,
1175 4550 1215 4591 ne
1236 4527 1412 4592 lectoribus
1430 4550 1451 4591 a
1467 4524 1519 4588 fide

428 4642 539 4699 nostra
560 4633 681 4709 alienis,
704 4632 880 4716 eujusmodi
904 4639 980 4696 tuno
1003 4631 1157 4716 temporis
1180 4636 1272 4693 erant
1295 4624 1520 4715 quamplurimi,

428 4736 552 4801 oooasio
573 4735 867 4799 subministraretur
886 4736 926 4797 de
947 4734 1180 4818 evangeliorum
1195 4731 1332 4796 veritato
1350 4727 1519 4795 dubitandi.

428 4839 523 4904 Oerte
551 4838 700 4902 Julianus
723 4838 890 4921 Augustus
913 4835 946 4899 iu
969 4836 1051 4899 libro
1076 4841 1189 4898 eontra
1212 4832 1426 4908 Christianos,
1449 4833 1520 4894 huna

428 4940 692 5027 evangelistarum
715 4939 941 5003 dissentionem
966 4937 1057 5001 nobis
1081 4936 1199 5021 objioit,
1223 4943 1308 4999 teste
1333 4935 1520 5017 Hieronymo

428 5043 460 5106 in
484 5042 730 5107 Commentariis
754 5041 785 5103 in
802 5039 1010 5104 Matthaeum.
1057 5039 1160 5102 Loous
1184 5037 1304 5101 Julinni
1328 5044 1423 5100 extat
1444 5032 1519 5118 apud

428 5144 579 5228 (lyrillum
609 5144 641 5206 in
670 5143 750 5205 libro
781 5150 893 5206 oetavo
924 5149 1038 5205 contra
1066 5139 1090 5203 J
1093 5139 1241 5203 ulianum.
1292 5140 1422 5202 Auotor
1446 5154 1519 5219 qua

429 5246 566 5310 stionum
589 5244 718 5310 Veteris
742 5252 774 5307 et
799 5243 880 5307 Novi
905 5241 1102 5307 Testamenti
1127 5262 1194 5324 cap.
1211 5240 1263 5322 56.
1282 5239 1322 5302 de
1349 5239 1410 5303 hae
1432 5237 1518 5301 disso
