3917 6467
424 1091 489 1152 888
792 1092 1159 1159 ANNOTATIONES

817 1289 1057 1355 DYNAS'I'IA
1081 1292 1143 1355 VI.

447 1482 449 1487 .
475 1422 512 1486 P.
529 1439 600 1506 251.
616 1421 636 1483 l.
659 1441 705 1504 15.
720 1421 837 1501 Ὀθόηο
852 1426 903 1504 ἔτη
925 1424 980 1511 λ’.]
999 1426 1104 1490 Addit
1121 1425 1267 1511 Scaliger
1282 1426 1335 1506 ἔτη
1354 1425 1393 1489 λ’.
1434 1425 1508 1489 Haud

431 1525 547 1608 inepte.
593 1523 803 1589 Succedentea
827 1525 910 1589 enim
933 1549 1024 1613 reges
1047 1527 1186 1612 quinque
1210 1528 1511 1613 annorum173.mia

431 1626 582 1689 aetatibne
600 1625 763 1710 explentes
787 1627 922 1710 primum
942 1629 1026 1693 huuc
1041 1629 1181 1694 Othoem
1205 1629 1301 1693 annia
1323 1649 1375 1714 30.
1390 1651 1512 1714 reguaae

431 1727 620 1813 significant.
666 1729 727 1791 Sex
754 1736 861 1792 tamen
888 1752 985 1815 supra
1009 1753 1062 1817 30.
1085 1731 1215 1795 mallem
1241 1730 1408 1815 assignari.
1450 1733 1513 1794 Nan

432 1852 503 1893 cunr
530 1830 649 1914 Pliiope
678 1830 823 1894 sexennis
849 1853 981 1916 regnum
1007 1839 1199 1918 assequutus
1222 1832 1266 1896 ed
1289 1854 1392 1896 annon
1412 1842 1514 1897 centnm

432 1932 621 2018 pervenerit,
643 1954 707 1995 uon
728 1932 787 1995 nisi
810 1953 861 2014 94
884 1954 1017 2017 regnum
1038 1934 1180 1997 tenuisse
1203 1935 1468 2017 deprehenditur;
1485 1958 1514 1999 cx

433 2057 496 2117 quo
510 2033 586 2097 anni
601 2057 657 2097 sex
672 2033 725 2097 alii
737 2032 834 2097 Othoi
849 2056 947 2118 regno
962 2034 1136 2099 desiderari
1152 2034 1378 2120 conjiciuntur.
1402 2039 1512 2102 Geram

434 2136 544 2220 Ipsum
560 2136 619 2199 hoc
635 2137 685 2214 ἔτη
700 2145 737 2199 λ’.
755 2143 910 2220 praestant
925 2137 1043 2201 Mssa
1058 2138 1275 2210 Parisiorum
1301 2147 1400 2223 atque
1411 2140 1475 2204 hinc
1485 2141 1513 2203 de

434 2238 565 2323 Phiopsi
590 2238 756 2323 colligitur,
773 2240 949 2318 βασιλεύειν
971 2261 1033 2302 uon
1055 2243 1108 2317 (ἣν
1133 2247 1209 2323 poet
1232 2240 1367 2304 verbum
1389 2244 1512 2323 διεγένετο

433 2363 502 2404 esse
516 2341 777 2404 subaudiendum.

479 2441 560 2505 Ibid.
586 2442 607 2505 l.
638 2463 683 2526 ¹5·
708 2449 767 2506 τῶν
789 2443 972 2526 δορυφόρον]
1002 2441 1073 2505 Vox
1096 2445 1188 2516 ἰδίων,
1216 2465 1316 2528 quam
1335 2444 1453 2508 addidit
1468 2445 1511 2506 boc

433 2545 503 2606 loeo
518 2544 669 2629 Scaliger,
685 2566 786 2626 neque
801 2545 832 2606 in
848 2545 980 2609 MSStic
995 2544 1153 2606 Ραήοίοοὶο
1164 2566 1268 2628 neque
1284 2545 1318 2608 in
1333 2544 1453 2609 Eueedil
1463 2546 1511 2629 op

433 2646 536 2708 nostia
560 2653 732 2729 comparet.
778 2645 927 2708 Fortasse
942 2667 1017 2708 vero
1039 2666 1147 2707 vocem
1170 2645 1294 2709 invenit
1314 2646 1511 2732 interprosita

432 2746 557 2821 mecine,
573 2756 606 2809 et
625 2746 723 2808 habes
742 2744 825 2808 infra
845 2745 876 2808 in
891 2746 1026 2830 Dynast.
1043 2768 1098 2808 τιτι.
1114 2745 1154 2809 de
1172 2749 1386 2813 Ammaneme
1405 2748 1511 2835 regclr

432 2848 490 2911 ὑπὸ
505 2854 563 2910 τῶν
578 2849 660 2910 ἰδίειν
675 2848 825 2930 εὐνούχων
840 2848 979 2928 ἀνῃρέθη.

478 2949 563 3013 lbid.
579 2949 601 3011 1.
619 2952 667 3012 16.
684 2949 758 3016 Φιὸο
774 2950 824 3028 ἔτη
840 2949 909 3034 νγ’.]
928 2947 1078 3032 Scaligeri
1093 2950 1333 3034 typographum
1347 2975 1448 3017 errare
1460 2974 1511 3016 eeu

433 3073 543 3127 serem,
560 3052 613 3114 ubi
638 3051 832 3134 Scaligerum
855 3052 904 3129 ἔτη
925 3048 963 3132 γ’.
1009 3049 1167 3113 Authoris
1189 3073 1350 3116 summam
1372 3055 1429 3136 ιγ’.
1444 3075 1510 3138 nepe

432 3165 560 3217 nentem
585 3151 813 3217 animadverto.
869 3151 1020 3235 Scaligeri
1044 3157 1151 3214 tamen
1179 3155 1434 3221 emendationem
1454 3153 1510 3237 ρνγ’.

432 3256 641 3340 conspicatus,
667 3254 859 3339 Scaligerum
881 3255 983 3338 ipsum
1006 3251 1097 3315 anuis
1119 3253 1198 3316 totis
1219 3275 1274 3338 50.
1297 3257 1458 3322 aberrasse
1474 3258 1511 3320 de

433 3358 527 3421 crevi.
551 3359 689 3421 Gonnus.

480 3460 560 3522 lbid.
577 3459 597 3523 1.
619 3460 665 3520 18.
682 3458 787 3541 Φίωψ]
806 3459 932 3537 'Adfuit
947 3455 1107 3519 interdum
1123 3455 1283 3519 Eusebius.

479 3562 562 3624 lbid.
580 3560 744 3642 διεγένετο]
763 3559 846 3622 Scal.
863 3558 993 3639 ἐγένετο,
1011 3557 1065 3620 sed
1082 3557 1185 3620 miuus
1201 3558 1292 3622 bene.

479 3663 664 3726 lbid.l.21.
687 3663 842 3740 Νίτωκρις]
870 3661 923 3722 lta
947 3658 1030 3722 Scal.
1054 3665 1127 3741 post
1151 3658 1333 3725 Eusebium.
1379 3666 1513 3742 Νίτριιιρο

432 3767 582 3828 mendose
597 3763 732 3846 Syncclli
747 3772 840 3825 tanna
858 3762 1021 3836 Gouriane,
1036 3760 1089 3822 ubi
1106 3760 1145 3823 de
1165 3760 1224 3824 hac
1240 3765 1399 3848 AEgyptia
1415 3760 1513 3826 Nitocri

432 3890 526 3950 agere
551 3866 751 3928 Herodotum
778 3864 830 3928 lib.
851 3864 883 3927 ii.
904 3869 1172 3947 cap.100.uotat
1193 3864 1330 3938 Goarue,
1347 3866 1479 3930 Nitom'c
1492 3863 1513 3924 in

433 3969 575 4032 versione
592 3968 721 4031 habens.

815 4083 1049 4146 DYNASTIA
1079 4083 1157 4144 VII.

478 4233 517 4294 P.
540 4249 612 4312 252.
634 4231 654 4292 l.
681 4231 709 4291 8.
724 4227 859 4306 Ἑβδόμη
886 4225 1069 4309 Δυναστείο]
1095 4227 1214 4307 Hujus,
1239 4235 1339 4310 atque
1363 4230 1515 4313 illiusque

434 4333 588 4417 sequitur,
611 4330 777 4415 Dynnstiee
804 4329 889 4392 nulla
915 4336 1028 4391 extant
1054 4327 1181 4390 nomina
1208 4350 1319 4413 regum
1347 4333 1431 4415 apud
1456 4332 1514 4414 Syn·

434 4436 555 4498 cellum.
586 4433 734 4496 Ceterum
744 4431 859 4494 ibidem
870 4429 1016 4493 Eusebius
1027 4431 1084 4504 ait,
1095 4430 1233 4513 quinque
1245 4438 1373 4495 tantum
1386 4456 1470 4519 reges
1479 4450 1515 4493 ex·

433 4538 546 4612 titisse,
560 4536 673 4619 quibus
684 4534 827 4617 assignat
839 4533 905 4596 dies
919 4550 968 4616 75.
1000 4534 1055 4594 Ab
1064 4533 1220 4615 Africano
1232 4555 1322 4617 reges
1335 4535 1516 4619 septuaginta

432 4661 541 4702 revera
557 4637 607 4700 hic
623 4645 886 4700 commemoratos
902 4657 978 4710 esse,
993 4633 1133 4697 ostendit
1148 4635 1258 4697 totalis
1274 4657 1385 4718 regum
1398 4637 1515 4699 omnium

434 4762 582 4803 numerus
603 4761 661 4822 pro
682 4738 763 4800 illiue
787 4736 964 4800 rationibus
985 4736 1133 4798 collectus
1152 4742 1226 4818 post
1242 4736 1432 4820 Dynastiam
1447 4730 1514 4812 rusi

433 4842 528 4906 modo
544 4842 654 4905 eadem
670 4839 810 4903 collectio
825 4841 866 4902 ab
882 4860 920 4901 eo
935 4839 1079 4922 profecta
1094 4837 1197 4900 luerit.

801 5003 1040 5067 DYNASTIA
1064 5005 1163 5066 VIlI.

474 5158 557 5220 Ibid.
574 5158 592 5219 Ι.
615 5176 662 5235 14.
676 5154 768 5239 ρμς’.]
789 5152 937 5217 bhttcbiue
952 5155 1003 5231 ἔτη
1018 5151 1056 5233 p‘.
