3917 6467
756 1990 1339 2104 ANNOTATIONES

676 2266 737 2341 IN
763 2265 1059 2344 OONOILIUM
1084 2263 1424 2340 cAEsARIENsss.

543 2757 582 2821 P.
597 2776 628 2842 3.
650 2756 671 2820 1.
687 2770 719 2841 5.
750 2759 812 2837 Τῆς
840 2755 867 2821 δ’
896 2757 1058 2836 ἐπιστολῆς
1085 2755 1167 2836 ῆμῶν
1194 2753 1264 2840 δια]
1298 2754 1404 2840 Oaput
1420 2772 1470 2840 23.
1500 2754 1556 2819 lib.
1572 2777 1602 2819 v.

498 2858 680 2927 Ewbianae
695 2858 848 2923 Historia
866 2865 973 2926 totum
991 2856 1137 2942 apposui,
1152 2864 1305 2942 tanquam
1318 2857 1397 2922 utile
1411 2865 1445 2922 et
1464 2857 1605 2923 intellec·

499 2960 549 3026 tui
563 2961 654 3037 valde
671 2960 810 3026 serviens
825 2959 957 3025 celebris
971 2959 1157 3046 quoestionis
1171 2960 1211 3025 de
1226 2959 1345 3044 paseha
1363 2959 1405 3024 ab
1419 2959 1605 3024 auctoribus

499 3085 575 3129 mox
589 3062 745 3128 secuturis
758 3067 920 3128 tractatae.
958 3061 1115 3141 Ζητήσεος
1128 3066 1202 3141 δῆτα
1217 3064 1291 3126 κατὰ
1309 3063 1416 3127 τούσδε
1431 3063 1466 3126 οὔ
1480 3067 1605 3144 σμικρᾶς

500 3167 734 3247 άνακινηθείοης,
759 3166 805 3229 δτι
830 3165 865 3244 δὴ
885 3167 936 3243 τῆς
956 3162 1065 3231 Ἀσίας
1085 3163 1204 3244 δπάσης
1226 3165 1257 3227 αἱ
1275 3165 1424 3245 παροικίαι
1448 3164 1487 3232 ῶς
1508 3162 1547 3228 δν
1571 3166 1604 3228 ἐκ

499 3265 693 3350 παραδόσεως
714 3265 918 3350 ἀρχαιοτέρας,
939 3264 1069 3345 σελήνης
1090 3263 1144 3344 τῆν
1165 3264 1491 3346 τεσσαρεσκαιδεκάτην
1509 3264 1605 3352 ᾤοντο

500 3375 564 3434 δεῖν
579 3371 629 3434 ἐπὶ
642 3373 693 3448 τῆς
707 3372 760 3432 τοῦ
774 3368 918 3457 σωτηρίου
931 3365 1039 3451 πάσχα
1053 3368 1155 3448 ἐορτῆς
1169 3366 1421 3449 παραφυλάττειν,
1437 3371 1472 3433 ἐν
1488 3367 1507 3455 ᾖ
1522 3371 1605 3433 θόειυ

500 3470 535 3534 τδ
550 3469 706 3559 πρόβατον
719 3471 873 3537 Ἰουδαίοις
886 3472 1096 3551 προηγόρευτο·
1113 3470 1152 3536 ῶς
1162 3469 1232 3533 δέον
1242 3468 1387 3536 ἐκπαντὸς
1399 3473 1473 3533 κατὰ
1485 3473 1603 3550 ταύτην,

501 3572 627 3658 ὁποίηδ
650 3572 690 3637 δν
709 3571 803 3657 ῆμέρα
824 3575 875 3653 τῆς
898 3571 1063 3651 ἐβδομάδος
1082 3572 1304 3655 περιτυγχάνοι,
1327 3575 1380 3640 τὰς
1400 3577 1458 3636 τῶν
1480 3573 1604 3638 ἆσιτιῶυ

502 3677 655 3742 ἐπιλθσεις
669 3679 829 3743 ποιεῖσθαι·
853 3673 906 3738 οὐκ
920 3673 1006 3741 ἔθους
1024 3674 1111 3740 ὄντος
1128 3677 1234 3736 τοῦτον
1252 3675 1402 3738 ἐπιτελεῖν
1420 3673 1473 3737 τὸν
1493 3677 1605 3756 τρόπον

501 3784 566 3845 ταῖς
579 3779 639 3841 ἆνδ
653 3777 707 3856 τῆν
721 3775 830 3866 λοιπῆν
845 3775 968 3840 άπασαν
982 3774 1157 3855 οἰκουμένην
1172 3777 1351 3854 ἐκκλησίαις,
1364 3776 1395 3853 ἐξ
1407 3777 1605 3856 άποστολικῆς

501 3880 695 3963 παραδόσεως
709 3878 743 3943 τδ
764 3880 812 3943 καὶ
832 3881 874 3945 είς
892 3884 978 3960 δεῦρο
1000 3882 1151 3962 κρατῆσαν
1170 3877 1239 3944 ἔθος
1260 3879 1489 3958 φυλαττούσαις·
1512 3880 1552 3945 ῶς
1565 3879 1606 3959 μῆ

502 3980 527 4046 δ’
542 3983 628 4066 ἐτέρᾳ
649 3980 811 4062 προσῆκειυ
830 3983 911 4062 παρὰ
932 3980 987 4060 τῆν
1008 3984 1059 4058 τῆς
1080 3980 1274 4045 ἀναστάσεως
1295 3984 1348 4043 τοῦ
1368 3984 1503 4062 Σωτῆρος
1524 3982 1606 4060 ἡμῶν

502 4085 615 4167 ῆμέραν
629 4087 683 4150 τδς
697 4084 834 4163 νηστείας
848 4083 1033 4146 ἐπιλύεσθαι·
1057 4083 1178 4145 σύνοδοι
1193 4081 1228 4160 δῆ
1249 4083 1296 4146 καὶ
1316 4083 1526 4164 συνκροτῆσεις
1540 4087 1605 4149 ἐπι·

504 4187 624 4249 σκότον
638 4185 687 4248 ἐπὶ
709 4183 818 4247 ταῶτδν
840 4185 985 4266 ἐγίνοντο·
1009 4181 1118 4250 πάντες
1136 4207 1169 4256 τε
1190 4187 1243 4266 μιᾷ
1265 4186 1367 4270 γνώμῃ
1386 4183 1421 4250 δι’
1438 4188 1607 4251 ἐπιστολῶν

504 4284 752 4364 ἐκκλησιαστικὸν
766 4286 863 4366 δόγμα
876 4291 940 4352 τοῖς
958 4285 1132 4367 πανταχόσε
1152 4287 1351 4358 διετυποΰντο,
1367 4286 1406 4351 ῶς
1420 4286 1458 4349 ἂν
1476 4286 1517 4366 μῆ
1532 4285 1555 4350 δ’
1573 4290 1608 4350 ἐν

504 4387 584 4464 άλλη
598 4387 670 4448 ποτέ
685 4388 737 4463 τῆς
752 4388 886 4466 κυριακῆς
899 4384 993 4469 ἡμέρᾳ
1007 4385 1041 4448 τδ
1056 4389 1107 4464 τῆς
1121 4387 1154 4448 ἐκ
1169 4391 1280 4466 νεκρῶν
1294 4385 1489 4453 ἆυαστάσεως
1509 4390 1606 4452 ἐπιτε-

503 4493 589 4550 λοῖτο
604 4492 656 4550 τοῦ
677 4488 785 4567 Κυρίου
803 4486 973 4570 μυστήριον·
997 4488 1045 4550 καὶ
1060 4488 1139 4554 ὅπως
1158 4489 1192 4551 ἐν
1206 4489 1297 4575 ταύτῃ
1315 4491 1392 4574 μόνῃ
1406 4494 1466 4553 τῶν
1485 4492 1608 4556 κατὰτὸ

504 4588 610 4672 πάσχα
624 4594 767 4668 νηστειῶν
782 4591 1000 4670 φυλαττόμεθα
1015 4593 1068 4656 τὰς
1082 4590 1244 4656 ἐπιλόσεις.
1267 4591 1390 4671 φέρεται
1404 4589 1429 4654 δ’
1445 4592 1538 4655 εἰσέτι
1554 4599 1609 4658 υΰν

505 4695 564 4753 τῶν
579 4692 652 4754 κατὰ
668 4695 876 4770 Παλαιστίνην
890 4691 1026 4771 τηνικάδε
1040 4691 1320 4772 συγκεκροτημένων
1336 4693 1446 4773 γραφη,
1463 4696 1505 4757 ῶν
1519 4697 1608 4777 προθ-

507 4791 629 4861 τέτακτο
644 4794 798 4874 Θεόφιλος
812 4796 863 4872 τῆς
877 4795 911 4856 ἐν
926 4794 1092 4876 Καισαρείᾳ
1104 4795 1258 4873 παροικίας
1275 4795 1448 4872 ἐπίσκοπος,
1465 4798 1512 4860 καὶ
1527 4798 1609 4878 Νόρ-

510 4918 613 4959 κισσος
635 4897 684 4972 τῆς
707 4896 740 4957 ἐν
754 4892 983 4975 Ἱεροσολύμοις·
1006 4895 1130 4958 καὶτῶν
1151 4896 1199 4959 ἐπὶ
1213 4893 1327 4975 Ῥόμης
1346 4898 1378 4960 δέ
1401 4899 1508 4976 ὁμοίως
1528 4900 1610 4978 άλλη

508 4995 575 5075 περὶ
590 4999 642 5059 τοῦ
656 4995 746 5059 αὐτοῦ
761 4993 929 5074 ζητήματος,
940 4997 1109 5070 ,ἐπίσκοπον
1123 4998 1250 5079 Βίκτορα
1263 5001 1404 5077 δηλοῦσα.
1421 5005 1480 5063 τῶν
1490 5027 1522 5064 τε
1535 5006 1610 5065 κατὰ
