3917 6467
433 1098 498 1161 480
805 1092 1160 1158 ANNOTATIONES

434 1261 636 1346 Εοσιιροῐίυνι
650 1281 671 1323 a
684 1260 722 1323 el.
738 1259 760 1322 J
763 1281 866 1324 oanne
880 1259 1012 1325 Oramer
1026 1281 1137 1324 reeens
1156 1260 1259 1338 edita,
1274 1261 1308 1324 in
1328 1283 1396 1345 qua
1414 1261 1523 1345 quidem

433 1363 518 1426 haud
545 1361 684 1445 positum
710 1369 769 1437 est,
792 1361 984 1424 mentionem
1014 1361 1125 1425 fecisse
1154 1362 1196 1426 de
1217 1361 1399 1446 ploranda
1427 1363 1524 1446 ipsium,

434 1464 487 1548 qui
505 1464 648 1538 affertur,
661 1462 881 1546 Phlegontem‚
896 1461 954 1540 Ἐξ
962 1461 1352 1544 Ἀυετιγρόφοα-Καλ
1366 1462 1429 1543 μετ’
1440 1467 1525 1545 ὀλίγα

433 1567 564 1647 Φλέγων
589 1566 623 1628 δέ
646 1591 689 1630 τις
713 1567 835 1645 ὀνόματι
858 1568 1033 1645 φιλόσοφος
1057 1564 1127 1645 παρ’
1145 1563 1286 1645 Ἕλλησι
1313 1566 1461 1646 μέμνηται
1484 1571 1527 1628 roi

433 1669 557 1733 σκότους
571 1670 675 1730 τούτου
697 1669 868 1747 παραδόξως
887 1667 1059 1747 γεγόνοτος.
1081 1666 1193 1748 γέγονε
1213 1668 1249 1730 δὲ
1270 1669 1306 1731 έν
1325 1671 1365 1754 τῇ
1384 1666 1429 1731 ιδ’.
1448 1668 1528 1751 ιἠιέρη

432 1773 485 1845 τῆς
499 1767 637 1845 σελήνης,
654 1769 704 1831 ὅτε
719 1768 827 1850 ἀπέχει
840 1767 919 1830 πολὺ
933 1771 986 1831 τού
998 1768 1086 1845 ἡλίου
1100 1767 1259 1847 διόσιημσ,
1276 1768 1356 1831 ὅσον
1375 1769 1435 1832 διὸ
1448 1771 1528 1851 ἀρχῆς

433 1874 486 1932 τοῦ
500 1869 626 1949 οὐρόνου
641 1869 696 1935 ἕως
713 1868 828 1940 τέλους,
845 1869 893 1930 καὶ
913 1870 945 1930 al
962 1869 1116 1949 ἐκλείψεις
1134 1869 1203 1932 τότε
1229 1871 1365 1932 είιύόασε
1388 1870 1528 1951 γίνεσθαι,

433 1970 507 2032 όταν
521 1970 727 2048 σλησιόζωσιν
741 1971 770 2032 ol
785 1971 836 2032 δύο
852 1969 934 2031 οὗτοι
949 1972 1115 2049 φωστῆρες.
1137 1991 1168 2052 p.
1183 1987 1257 2055 237.
1303 1969 1373 2034 Sed
1387 1970 1455 2034 hmo
1466 1971 1529 2033 hao-

433 2078 537 2134 tenus.
587 2070 696 2134 Missis
725 2070 871 2133 omnibus
899 2069 959 2133 looi
991 2069 1192 2155 Phlsgoatei,
1216 2071 1323 2156 qualis
1352 2072 1388 2135 in
1413 2071 1528 2135 Eusebii

436 2170 592 2234 cronicis
620 2178 721 2247 extat,
749 2180 819 2234 tum
848 2171 1150 2254 interpretamentis,
1176 2178 1248 2235 tam
1278 2173 1527 2246 eorreotionibns

433 2272 547 2355 quibus
563 2272 688 2355 quidem
700 2271 886 2335 enarrandis
896 2270 1005 2356 justus
1016 2277 1176 2334 traotatus
1190 2291 1273 2355 opus
1287 2281 1387 2348 esset,
1400 2273 1459 2336 hoe
1468 2280 1528 2335 tsn-

433 2382 501 2436 tum
522 2372 636 2444 dioam,
653 2372 678 2435 si
703 2394 812 2435 revera
836 2371 1047 2456 chronologus
1071 2379 1181 2436 noster
1195 2372 1385 2451 Afrieanus,
1401 2374 1434 2437 id
1454 2373 1527 2457 quod

432 2495 492 2559 ego
507 2496 569 2536 non
585 2480 673 2557 puto,
690 2473 757 2535 haee
772 2473 812 2535 de
826 2472 1004 2558 Phlegoute
1018 2472 1198 2557 protulerit,
1213 2473 1334 2537 debere
1349 2497 1467 2550 omnes,
1481 2474 1528 2556 qui

432 2574 464 2637 in
487 2574 569 2638 hane
594 2596 723 2637 arenam
750 2573 980 2651 deseenderint,
1008 2574 1106 2658 probe
1131 2582 1251 2650 tenere,
1277 2574 1357 2660 quid
1384 2576 1424 2639 de
1447 2575 1527 2639 anuis

433 2675 607 2738 Dominieae
623 2675 858 2759 praedieationis
872 2675 1047 2758 mortisque
1061 2675 1196 2739 senserit
1212 2675 1300 2738 idem
1319 2683 1447 2750 auctor,
1461 2697 1526 2759 qna

432 2778 525 2835 tenus
540 2773 686 2835 nimirum
702 2773 763 2857 ipsi
774 2773 964 2837 conveniunt
976 2795 1047 2836 eum
1058 2773 1150 2836 anais
1160 2773 1290 2850 Mundi,
1300 2774 1525 2858 Olympiadum,

434 2872 605 2957 Urbisque,
622 2874 738 2959 quippe
753 2897 825 2938 eum
840 2875 960 2959 primus
977 2875 1118 2938 omnium
1133 2875 1309 2940 Afriaanus
1324 2876 1524 2961 Phlegontem

432 2979 547 3037 testem
568 2974 601 3037 ia
616 2996 651 3039 re
666 2977 806 3039 omnium
819 2976 1010 3060 gravissima
1023 2975 1211 3039 nominatim
1225 2975 1387 3040 citaverit.

478 3076 514 3137 P.
532 3078 605 3158 298.
621 3075 642 3138 l.
658 3077 687 3139 8.
704 3081 797 3154 δῆλον
822 3079 861 3144 ὥς
885 3076 1018 3160 ταύτην]
1044 3076 1185 3140 Subaud.
1212 3077 1429 3162 Phlegontem
1453 3079 1524 3141 hun

432 3174 572 3259 eelipsim
587 3177 778 3261 designasse,
792 3178 841 3241 vel
856 3177 1057 3242 intellexisse.
1103 3176 1236 3241 Habent
1251 3182 1355 3255 δηλῶν
1375 3180 1414 3246 ὣς
1429 3179 1524 3256 ταύτην

432 3277 551 3340 Mssa
569 3278 671 3341 Paria.
689 3279 773 3361 quod
789 3300 871 3342 nuno
887 3286 1050 3364 receptum
1065 3285 1114 3342 est
1129 3278 1213 3361 apud
1230 3277 1422 3361 Syneellum.

475 3378 557 3440 lbid.
574 3379 592 3440 l.
608 3397 657 3441 12.
675 3382 749 3442 διότι
765 3381 819 3441 τὸν
837 3382 945 3460 Κύριον
960 3379 1074 3458 συνέβη
1089 3381 1210 3462 παθεῖν]
1232 3380 1348 3444 Habet
1366 3382 1522 3450 Cedreaat.

432 3481 504 3543 διότι
519 3485 587 3565 τῇδε
602 3485 637 3565 τῇ
653 3481 745 3563 ἡμέρη
765 3482 816 3543 τὸν
834 3486 868 3543 K.
885 3507 915 3544 σ.
931 3508 962 3544 π.
979 3489 1013 3543 et
1033 3503 1129 3564 supra
1149 3481 1202 3542 lin.
1220 3501 1266 3543 Ιο.
1289 3485 1422 3560 τοσαύτη
1441 3509 1470 3545 τε
1489 3484 1524 3543 τί·

432 3607 516 3660 νησις
532 3584 655 3660 εοσμιιεη
671 3604 728 3665 pro
744 3586 872 3661 τοσαύτη
887 3608 919 3645 τε
936 3584 1052 3661 κινήσει
1069 3586 1201 3661 κοσμικῇ.

476 3684 558 3746 lbid.
574 3684 594 3745 l.
616 3686 662 3745 16.
678 3682 719 3744 Ἡ
735 3685 792 3761 μὲν
812 3685 865 3745 οὖν
884 3684 1027 3763 σεριιιοπῆ
1041 3683 1115 3769 διο]
1138 3684 1225 3746 Bene
1245 3700 1296 3747 est
1316 3694 1392 3768 post
1411 3684 1524 3747 finitam

430 3806 501 3847 eum
516 3784 619 3846 verbis
635 3787 669 3846 ἐν
683 3788 723 3867 τῷ
740 3784 856 3860 Δανιὴλ
878 3784 1014 3866 Syneelli
1033 3787 1130 3864 ῥῆσιν,
1147 3806 1313 3848 occurrere
1335 3787 1429 3849 nobis
1448 3785 1525 3849 aliud

430 3887 589 3968 quoddam
606 3884 821 3947 Eusebianum
841 3885 1053 3968 fragmentum
1075 3884 1118 3947 illi
1140 3886 1274 3948 forsitan
1297 3887 1443 3969 proxime
1460 3909 1524 3948 oon-

425 3986 580 4069 junetnm.
628 3986 677 4048 Ea
700 3986 794 4060 enim,
814 4007 884 4067 quae
908 3985 958 4048 hio
983 3994 1159 4069 sequuntur
1183 3986 1223 4048 de
1247 3987 1393 4050 Danielis
1417 3988 1525 4051 hebdo

428 4087 539 4161 madia,
551 4087 668 4170 partim
680 4109 720 4149 ex
733 4086 861 4149 Eusebii
875 4087 1136 4149 Demonstratioae
1147 4088 1265 4169 Εοσιιρ.
1278 4087 1331 4148 lib.
1340 4088 1407 4149 viii.
1421 4110 1451 4171 p.
1456 4090 1524 4171 389.

428 4187 477 4249 ed.
496 4188 597 4250 Paris.
617 4189 735 4271 partim
751 4209 825 4249 vero
845 4187 939 4249 finem
955 4210 1064 4250 versus
1085 4209 1123 4249 ex
1145 4187 1256 4249 eodem
1278 4187 1418 4270 Syneelli
1438 4210 1525 4273 opere

428 4286 597 4370 desumpsi.
638 4288 740 4350 Extat
754 4307 877 4370 quoque
893 4285 1109 4350 Eusebianum
1124 4286 1184 4349 hoe
1198 4296 1386 4369 excerptum
1401 4289 1433 4350 in
1447 4291 1523 4371 ejus·

427 4385 499 4448 dem
516 4386 645 4449 Eusebii
663 4386 850 4471 Prophetieis
866 4386 990 4471 Εσῐορας
1004 4389 1082 4451 (lod.
1101 4387 1173 4450 MS.
1185 4387 1396 4451 Bibliotheoae
1411 4388 1525 4450 Vindo

427 4486 587 4560 bonensis,
611 4489 701 4571 eujus
730 4488 915 4572 apographo
942 4510 982 4550 ex
1008 4488 1115 4552 lavore
1140 4487 1271 4551 illustris
1298 4487 1525 4552 bibliothecarii

426 4587 503 4649 mibi
523 4587 570 4650 uti
591 4589 778 4671 permissum
799 4597 856 4651 est.
903 4591 1007 4652 Penes
1031 4589 1159 4672 iusuper
1182 4610 1332 4671 maguum
1349 4588 1525 4653 Bentleium

426 4689 500 4752 olim
524 4689 585 4752 fuit
608 4689 777 4774 fragmenti
797 4690 1054 4754 Vindobonensis
1076 4690 1246 4774 exemplar,
1262 4698 1300 4753 ut
1327 4713 1369 4753 ex
1395 4689 1526 4774 epistola

425 4791 494 4873 ejus
516 4798 631 4853 oetava
651 4798 777 4854 constat
801 4792 842 4853 ad
859 4793 1046 4855 Edvardum
1061 4791 1259 4854 Bernardum
1284 4792 1417 4875 seripta.
1462 4792 1525 4854 Adi

424 4890 578 4954 Richardi
593 4891 724 4953 Bentleii
746 4901 773 4954 et
795 4892 956 4954 Doctorum
976 4893 1119 4954 Virorum
1141 4892 1306 4976 Ερίοτοίος,
1324 4915 1406 4977 quas
1429 4914 1525 4976 nuper

424 4990 472 5051 vir
496 4989 533 5052 el.
552 4990 686 5053 Carolus
707 4990 862 5053 Burneius
885 4990 918 5054 S.
934 4992 971 5055 T.
989 4992 1027 5055 P.
1044 5014 1102 5075 pro
1125 4993 1240 5056 merito
1262 4993 1407 5077 ipsarum
1427 4994 1524 5079 splen-

426 5090 586 5152 didissime
611 5091 719 5154 edidit.
775 5092 829 5152 Ad
856 5092 985 5155 verbum
1012 5093 1080 5156 haeo
1104 5093 1248 5157 Africani
1276 5096 1374 5159 vertit
1402 5099 1432 5159 S.
1451 5095 1524 5158 Hie
