3917 6467
510 1069 574 1135 170
880 1069 1262 1134 ANNOTATIONES

503 1231 723 1296 Alexandrum
750 1233 790 1295 ob
818 1231 970 1317 insignem
998 1234 1186 1299 Christianae
1209 1234 1283 1299 fidei
1311 1234 1541 1298 confessionem
1567 1233 1608 1296 sd

502 1334 718 1419 episcopatum
735 1333 1029 1419 Hierosolymorum
1043 1347 1186 1402 evectum
1201 1337 1316 1410 iuisse;
1341 1336 1498 1421 initioque
1514 1336 1609 1420 hujus

503 1458 561 1522 cap
586 1438 626 1501 xi.
643 1437 796 1512 ostendit,
811 1438 956 1515 eundem,
971 1461 1043 1502 eum
1067 1441 1154 1523 prius
1168 1440 1200 1503 iu
1216 1438 1420 1525 Cappadocia
1441 1439 1609 1524 episcopas

502 1540 622 1616 suisset,
650 1542 761 1605 statim
785 1550 823 1606 ut
851 1543 1107 1628 Hierosolymam
1133 1558 1203 1610 tum
1225 1544 1443 1617 mauditum
1469 1542 1608 1607 loeorum

503 1642 706 1707 visendorum
734 1645 840 1729 gratia
868 1646 1014 1723 adiverit,
1047 1648 1229 1732 episcopum
1258 1646 1355 1710 inisse
1385 1645 1609 1710 constitutum.

502 1746 563 1827 Qui
578 1747 706 1830 quidem
721 1769 790 1810 mos
806 1747 874 1811 loca
890 1770 982 1812 saera
996 1749 1150 1813 invisendi
1171 1758 1283 1834 postea
1298 1749 1467 1823 increbuit,
1485 1756 1522 1812 ut
1537 1769 1608 1812 eon-

500 1856 568 1914 stat
582 1873 622 1913 ex
638 1850 732 1915 variis
748 1851 780 1914 S.
796 1850 983 1936 Hieronymi
999 1851 1147 1935 operibus
1162 1873 1234 1914 curn
1252 1850 1331 1925 aliis,
1349 1865 1418 1915 tum
1433 1848 1608 1936 Epitaphio

500 1952 568 2036 ejus
592 1953 700 2017 Pasas
723 1955 851 2026 Matris,
875 1963 972 2038 atque
997 1976 1037 2016 ex
1063 1953 1207 2038 Gregorii
1232 1952 1367 2037 Nysseui
1393 1953 1429 2016 de
1455 1951 1610 2016 Ematibss

500 2055 739 2138 Hierosolymam
754 2056 907 2140 Epistola,
924 2077 1019 2140 quam
1035 2056 1154 2140 primus
1169 2055 1269 2119 edidit
1284 2054 1504 2120 casaubonus.
1544 2053 1608 2118 Res

500 2180 575 2222 vero
587 2159 628 2221 ob
643 2158 895 2222 convenientiam
907 2158 973 2244 ejus
989 2179 1060 2221 eum
1072 2156 1247 2221 Alexandri
1263 2156 1398 2220 historia
1408 2155 1564 2220 notabilis
1577 2155 1607 2218 ia

500 2259 561 2324 bac
576 2260 646 2344 ipsu
660 2261 734 2323 sede
748 2261 807 2323 sub
823 2260 918 2324 finem
933 2260 1039 2324 saeculi
1056 2259 1167 2323 decimi
1183 2258 1264 2322 sexti
1280 2258 1424 2342 contigit,
1439 2280 1516 2322 cum
1530 2259 1607 2323 Ger·

500 2383 613 2424 manus
628 2362 675 2424 vir
697 2363 852 2447 egregius,
869 2362 922 2447 qui
943 2361 1083 2425 locorum
1101 2382 1263 2425 sacronrm
1284 2360 1486 2423 visendorum
1502 2360 1608 2446 gratia

501 2462 757 2549 Hierosolymam
784 2465 945 2550 profectas
970 2473 1051 2540 erat,
1079 2462 1226 2528 Abdallae
1245 2463 1436 2547 patrierchae
1460 2463 1608 2548 precibus

500 2587 669 2650 persuasus
691 2575 752 2642 est,
769 2576 806 2630 ut
828 2567 914 2650 apud
936 2588 1009 2630 euru
1030 2576 1184 2641 maneret,
1203 2575 1301 2650 atque
1322 2565 1354 2629 in
1376 2565 1532 2629 cathedra
1554 2588 1608 2651 pa·

500 2668 663 2732 triarchali
687 2669 746 2754 ipsi
770 2678 896 2732 mortuo
922 2669 1114 2733 succederet
1161 2669 1241 2733 Vide
1269 2666 1445 2753 Lusiguani
1472 2669 1609 2733 Itinera-

500 2771 582 2834 ηἰιπι
602 2770 737 2834 Londini
757 2794 841 2835 anno
861 2773 952 2835 1801.
968 2772 1097 2834 editum.
1114 2771 1173 2835 vol.
1192 2770 1225 2834 ii.
1244 2794 1275 2856 p.
1288 2791 1358 2835 210.
1400 2768 1554 2834 Ceterum
1576 2771 1608 2834 in

499 2872 585 2937 notis
606 2873 647 2936 ad
671 2881 768 2957 eaput
788 2873 848 2936 hoc
863 2873 905 2936 xi.
923 2872 1108 2936 Easebiaaoe
1122 2873 1205 2937 Hr'et.
1223 2872 1371 2937 Valesius
1393 2895 1427 2936 se
1450 2872 1608 2957 reperisse

498 2975 547 3041 eit
568 2975 600 3037 in
623 2975 673 3038 lib.
688 2997 717 3038 v.
735 2973 802 3058 (lib.
815 2974 855 3038 iv.
873 2999 904 3060 p.
916 2977 1004 3058 295.)
1026 2975 1118 3039 Jaris
1142 2975 1404 3052 Gracc-Romani,
1420 2974 1476 3038 ubi
1498 2974 1609 3059 agitur

498 3077 536 3141 de
565 3076 823 3151 translationibus,
860 3077 1021 3141 Flaviadis
1056 3077 1266 3162 Cappadociae
1300 3076 1387 3140 urbis
1422 3077 1608 3161 episcopum

499 3178 719 3243 Alexandrum
739 3180 844 3243 luisse.
889 3179 953 3244 Sed
975 3202 1049 3243 vero
1069 3180 1197 3244 dubitat
1218 3180 1256 3244 cl.
1275 3179 1508 3264 Wesselingius
1525 3180 1607 3244 Pro·

499 3279 589 3346 totta
606 3304 674 3365 cap.
688 3282 754 3344 xiii.
769 3304 799 3365 p.
817 3285 886 3346 106.
903 3291 1016 3365 etseq.
1033 3283 1073 3345 de
1093 3282 1196 3346 isthac
1210 3304 1255 3354 re,
1272 3282 1346 3367 quia
1365 3283 1458 3368 longe
1479 3283 1609 3348 abesset

500 3383 628 3447 Flavias
648 3406 669 3446 a
690 3382 942 3467 Cappadocibus,
959 3384 991 3447 in
1010 3383 1122 3448 Cilicia
1136 3385 1251 3469 posita.
1297 3385 1407 3470 Neque
1426 3386 1458 3448 in
1480 3384 1552 3449 loco
1567 3387 1608 3450 de

499 3485 677 3550 Alexandri
700 3487 773 3549 sede
797 3485 959 3562 Flaviade,
980 3486 1034 3570 qui
1053 3510 1073 3551 a
1093 3487 1218 3551 Valesio
1241 3489 1273 3550 in
1289 3489 1368 3552 Jare
1390 3488 1607 3551 GroeeoRem.

498 3595 644 3672 repertus
666 3596 725 3662 est,
748 3589 824 3652 urbs
845 3611 883 3651 ea
905 3589 1115 3673 Cappadociae
1137 3589 1233 3652 fuisse
1255 3589 1381 3654 dieitur.
1427 3591 1526 3653 Certe
1550 3589 1609 3652 So-

498 3705 603 3754 crates
627 3690 795 3753 historicus
821 3691 951 3774 perinde
977 3699 1074 3774 atque
1103 3691 1269 3763 Eusebius,
1295 3692 1456 3776 ignorasse
1479 3692 1609 3757 videtur

498 3815 611 3857 nomen
636 3794 734 3870 urbis,
754 3795 831 3857 dum
855 3795 923 3859 haee
947 3795 1067 3867 scribit,
1087 3793 1235 3872 Εὐσέβιος
1259 3798 1316 3877 γὰρ
1340 3798 1356 3857 ὁ
1384 3798 1552 3877 Παμφίλου
1574 3800 1608 3861 ἑν

497 3899 532 3974 τῇ
549 3898 617 3981 ἕκτῃ
640 3898 884 3975 ἓκκλησιαστικῆς
905 3900 1037 3978 ἱστορίας
1051 3896 1254 3976 Ἀλέξανδρον
1267 3902 1335 3975 μιᾶς
1350 3903 1408 3960 τῶν
1427 3899 1459 3960 ἐκ
1481 3903 1607 3963 Καππα-

498 4002 598 4066 δοκίας
623 4002 738 4063 πόλεων
762 4001 925 4063 ἐπίσκοπον
952 4002 1025 4063 ὄντα
1052 4000 1140 4081 εὐχῆς
1164 4001 1251 4062 ἕνεκα
1276 4001 1324 4062 ἐπὶ
1348 4002 1384 4062 τὰ
1406 3997 1608 4079 Ἱερνσόλνμα

497 4101 554 4165 &a
572 4100 624 4164 lib.
635 4101 686 4163 vii.
703 4123 771 4186 cap.
786 4106 838 4185 36.

543 4205 579 4265 P.
600 4206 668 4285 165.
696 4202 716 4267 l.
734 4225 740 4264 ι
755 4224 778 4265 ι.
807 4204 975 4288 πυθομένῳ]
1012 4204 1176 4288 Repetunt
1201 4229 1251 4282 μοι
1280 4211 1353 4287 post
1382 4203 1442 4266 boc
1471 4204 1606 4268 verbum

481 4302 596 4368 MSS.
623 4306 712 4369 Bodl.
741 4315 774 4370 et
799 4307 939 4390 Norsolc.
965 4308 1081 4390 quibus
1103 4329 1186 4370 nunc
1212 4306 1303 4370 addit
1330 4308 1495 4370 Burtonus
1518 4309 1609 4372 codd.

496 4407 582 4469 Mea.
597 4407 684 4470 Moe.
697 4408 807 4471 Fora.
820 4409 1084 4492 Florentiaosque.

541 4508 736 4591 Ibid.1.13.
761 4512 814 4588 τὴν
840 4513 941 4575 πίστιν
965 4515 1016 4589 τῆς
1044 4510 1216 4595 ἐπισκοπῆς]
1243 4510 1374 4574 Rectius
1401 4509 1607 4594 Nicephorus

498 4607 558 4672 κατ’
582 4611 668 4687 ἀξίαν
689 4615 739 4687 τῆς·
763 4613 899 4684 πίστεως,
925 4612 979 4690 τὴν
1006 4614 1170 4690 ἐπισκοπὴν
1192 4611 1463 4695 ἐγκεχειρισμένων.
1509 4612 1604 4693 Quod

496 4711 560 4775 sive
575 4733 614 4774 ex
630 4711 721 4782 libro,
738 4713 803 4775 sivo
826 4736 865 4776 ex
888 4715 1070 4798 conjectura
1092 4715 1288 4799 Nicephorus
1309 4713 1457 4788 ediderit,
1472 4715 1604 4779 omnino

495 4814 630 4898 probum
642 4814 775 4878 videtur.
796 4816 954 4879 Vniuersa.
1002 4820 1033 4880 A
1047 4818 1192 4882 Strothio
1207 4840 1331 4902 quoque
1343 4825 1429 4880 recte
1444 4818 1603 4900 probatur

495 4915 590 4980 lectio
608 4916 797 5000 Nicephori;
823 4920 882 4983 etsi
899 4920 985 4983 aliud
1001 4921 1137 4985 suadent
1156 4921 1279 4983 codices
1300 4920 1471 4983 Eusebiani
1491 4943 1602 4985 omnes

494 5018 651 5083 referente
678 5020 829 5095 llmtono,
853 5022 911 5084 nisi
935 5024 1018 5106 quod
1040 5025 1093 5100 τὴν
1116 5023 1279 5100 ἐπισκοπὴν
1300 5023 1397 5086 habet
1421 5024 1497 5086 MS.
1515 5026 1598 5087 Nor-

487 5119 563 5203 folc.
619 5122 778 5201 Ceterum,
808 5125 870 5188 etsi
898 5126 995 5188 refert
1026 5127 1168 5190 Zomrras
1200 5126 1233 5188 in
1262 5124 1438 5189 Australibus
1467 5126 1523 5192 lib.
1545 5128 1599 5191 xii.
