3917 6467
492 1056 558 1124 106
789 1071 794 1082 ·
827 1062 1073 1145 naumann
1100 1063 1273 1131 sacam.

491 1233 622 1336 καιρὸς,
641 1233 699 1313 ὅτε
717 1233 760 1313 τὸ
778 1234 972 1336 ἀγέννητον
991 1237 1054 1315 οὐκ
1077 1236 1132 1335 ἦν,
1151 1237 1214 1315 οὐκ
1232 1235 1337 1313 ἔσται
1363 1233 1592 1334 ἀγέννιποςὴ

493 1371 575 1467 ὕλη.
603 1368 646 1448 τὸ
665 1372 694 1447 d
715 1371 874 1449 ἐντεῦθεν
891 1370 995 1449 ἔσται
1008 1369 1136 1450 πολλὰ
1150 1369 1197 1450 τὰ
1211 1368 1397 1471 ἀγένννγτα.
1418 1375 1449 1447 εἰ
1466 1367 1539 1471 ydp
1556 1366 1595 1467 ἦν

505 1506 514 1531 2
553 1504 564 1532 Ι
709 1505 718 1528 ἶ
799 1504 810 1528 ἵ
873 1500 889 1534 5
957 1503 966 1531 l
998 1507 1006 1531 Ι
1046 1504 1056 1531 Ι
1226 1507 1238 1533 Κ
1287 1501 1299 1530 ἵ
1333 1504 1342 1527 C
1406 1509 1423 1526 Λ
1453 1504 1462 1528 9
1520 1499 1537 1534 Ω
1586 1503 1593 1525 Ι

493 1537 684 1605 αγενννγτος
703 1538 723 1581 ο
742 1509 846 1599 Osos,
864 1538 911 1603 ην
929 1507 968 1582 δε
986 1538 1163 1605 αγεννητα
1181 1538 1240 1583 και
1257 1536 1304 1581 τοι
1322 1512 1425 1581 οπλα
1443 1503 1488 1607 εξ
1509 1536 1595 1599 ιονη

495 1640 565 1736 ὕλη
574 1636 758 1736 συνετέθη,
769 1639 834 1715 οὐκ
845 1637 948 1716 ἔσται
959 1638 1023 1717 δύο
1034 1642 1093 1717 καὶ
1104 1637 1197 1737 μόνα
1206 1635 1252 1716 τὰ
1264 1633 1454 1737 ἀγέννητα.
1465 1638 1598 1717 ἵναπα-

493 1772 597 1875 prino
611 1772 653 1851 τὸ
666 1772 873 1874 ἐπιζηήσαι
888 1772 928 1850 τί
943 1771 1030 1851 ὅντα
1048 1776 1148 1853 ἐστὶν
1161 1773 1233 1870 (for.
1254 1772 1353 1849 ἐστὶν
1368 1775 1469 1875 ὄντα)
1485 1774 1619 1855 ἁπλᾶ·5

496 1907 565 2003 ὕλη
594 1903 616 2003 ἢ
645 1901 744 1987 εἶδος·
772 1904 900 1983 πολλὰ
927 1904 999 2007 γὰρ
1025 1906 1137 1991 οὕτως
1160 1907 1279 1988 ἄτοπα
1300 1905 1596 2004 ἀκολουθήσειαν.

497 2041 596 2117 δοκεῖ
610 2040 649 2117 δέ
667 2073 728 2116 σοι
746 2036 857 2137 μηδὲν
874 2046 947 2117 τῶν
974 2039 1089 2119 ὄντων
1107 2042 1193 2121 αὐτὸ
1218 2045 1331 2149 ἑαυτῷ
1349 2044 1572 2121 ἀντικεῖσθαι
1587 2070 1597 2132 ;

499 2176 604 2251 δοκεῖ.
634 2173 843 2251 Ἀντίκειται
862 2170 901 2251 δὲ
918 2179 970 2279 τῷ
987 2178 1074 2277 πυρὶ
1091 2176 1133 2253 τὸ
1154 2178 1247 2279 ὕδωρ
1266 2209 1277 2272 ;
1306 2174 1531 2255 ἀντικεῖσθαί
1545 2205 1601 2270 μοι

500 2305 673 2410 φαίνεται.
723 2307 881 2404 Ὁμοίως
905 2304 944 2385 δὲ
971 2311 1030 2386 καὶ
1048 2313 1099 2414 τῷ
1126 2312 1222 2415 φωτὶ
1248 2308 1290 2387 τὸ
1309 2306 1450 2403 σκότος,
1469 2310 1529 2385 καὶ
1555 2310 1603 2411 τῷ

501 2445 634 2546 ψυχρῷ
660 2437 703 2518 τὸ
731 2439 874 2542 θερμὸν,
901 2440 992 2543 πρὸς
1019 2440 1063 2540 δὴ
1091 2442 1228 2527 τούτοις
1260 2439 1319 2523 aa}
1349 2449 1402 2548 τῷ
1433 2442 1536 2547 ξηρῷ
1564 2440 1644 2519 aba

502 2575 635 2677 ὑγρόν;
666 2578 777 2658 οὕτως
805 2574 898 2678 ἔχειν
924 2609 986 2673 μοι
1013 2580 1118 2656 δοκεῖ.
1170 2579 1313 2657 Οὐκοῦν
1341 2583 1370 2655 εὶ
1397 2575 1509 2676 μηδὲν
1536 2582 1606 2654 τῶν

502 2706 616 2789 ὄντων
634 2708 720 2788 αὐτὸ
745 2710 858 2814 ἑαυτῷ
885 2711 1083 2806 ἀντίκειται,
1108 2711 1284 2810 ἀλλήλοις
1309 2710 1346 2790 δὲ
1373 2718 1487 2790 ταῦτα
1512 2711 1606 2788 ἀντί-

504 2877 628 2939 κειται,
657 2844 721 2921 οὐκ
749 2842 893 2921 ἔσονται
922 2844 992 2941 ὕλη
1019 2844 1094 2941 μία,
1114 2842 1194 2922 οὐδὲ
1221 2840 1294 2941 μὴν
1323 2842 1368 2947 ἐξ
1392 2844 1482 2941 ὕλης
1510 2848 1604 2939 μιᾶς.

505 2976 628 3074 ὅμοιον
647 2976 686 3053 δέ
711 3009 791 3054 τινα
818 2976 933 3082 τούτῳ
959 2974 1073 3076 λόγον
1090 2974 1203 3057 πάλιν
1220 2974 1399 3056 πυθέσθαι
1423 3009 1495 3053 σου
1515 2973 1605 3067 βού-

503 3121 630 3208 λομαι.
661 3113 759 3188 δοκεῖ
772 3142 835 3187 σοι
859 3106 905 3186 τὰ
921 3109 1012 3210 μέρη
1037 3108 1087 3208 μὴ
1106 3107 1307 3211 ἀναιρετικὰ
1331 3108 1520 3213 τυγχάνειν
1537 3111 1604 3187 ἀλ·
1619 3137 1647 3193 ¹⁵

482 3243 484 3246 ⁵
508 3243 663 3343 λήλωνς
695 3247 803 3321 δοκεῖ.
848 3238 950 3321 Εἶναι
968 3241 1007 3321 δὲ
1024 3247 1087 3342 τῆς
1107 3246 1195 3342 ὕλης
1213 3243 1314 3346 με’ρη,
1332 3241 1374 3321 τό
1393 3276 1432 3322 τε
1458 3250 1532 3345 πῦρ
1551 3245 1608 3321 καὶ

862 3375 872 3405 l
942 3380 954 3406 x
1012 3375 1022 3404 l

510 3380 617 3481 ὕδωρ,
637 3377 809 3462 ὡσαύτως
835 3382 872 3456 δε
897 3411 955 3455 και
979 3412 1027 3455 τοι
1052 3375 1186 3471 λοιτά;
1219 3378 1329 3461 οὕτως
1347 3375 1429 3479 ἕχω.
1490 3377 1543 3456 Τί
1563 3376 1608 3473 δὲ,

510 3574 578 3641 fuit,
606 3593 664 3650 quo
699 3573 780 3631 nulla
810 3573 878 3631 dum
914 3574 1036 3632 materia
1086 3585 1119 3631 tu
1134 3592 1194 3630 rem
1209 3572 1294 3649 plane
1308 3570 1502 3649 nullam,quae
1514 3592 1609 3630 secum

509 3665 597 3721 esset,
612 3654 666 3711 hoc
680 3666 724 3712 est
743 3665 896 3729 antequam
912 3674 946 3712 ea
967 3654 1036 3711 sim.
1086 3656 1149 3731 ipsa
1190 3664 1313 3730 pugnet,
1352 3672 1414 3710 esse
1453 3652 1608 3710 concedis?

512 3734 630 3811 pllcium
655 3734 731 3791 inter
756 3755 786 3791 se
810 3754 841 3791 se
869 3733 1037 3809 conjunctio
1088 3731 1219 3789 Nullam.
1263 3732 1338 3789 Cum
1359 3733 1426 3809 igne
1449 3751 1519 3789 vero
1542 3752 1654 3791 numao

513 3816 603 3872 lieret.
646 3813 735 3883 Quod
763 3814 787 3871 si
816 3824 931 3891 tempus
959 3814 1037 3889 ejus.
1087 3832 1163 3890 aqua
1176 3816 1307 3890 pugnat?
1324 3812 1528 3889 Pugnatsane.
1566 3812 1610 3869 Si-

513 3894 591 3952 modi
612 3894 730 3970 aliquod
751 3894 819 3961 fuit,
839 3913 897 3968 quo
918 3892 1038 3950 materia
1088 3891 1196 3949 militer
1217 3904 1247 3950 et
1268 3890 1325 3949 luci
1347 3893 1485 3956 tenebrae,
1508 3902 1539 3949 et
1559 3892 1611 3949 fri-

514 3974 636 4033 necdum
665 3985 758 4045 esset;
797 3972 909 4030 nullum
938 3982 1035 4029 autem
1087 3972 1156 4049 gido
1187 3971 1323 4036 calidum,
1352 3982 1382 4028 et
1410 3972 1486 4029 sicco
1515 3971 1611 4028 humi-

514 4075 641 4132 unquam
669 4067 785 4132 tempus
812 4054 880 4119 fuit,
909 4074 965 4129 quo
992 4072 1037 4109 res
1088 4052 1157 4109 dum
1169 4051 1358 4109 adversatur?
1374 4051 1496 4128 Utique.
1517 4051 1613 4128 Igitur

514 4147 582 4193 ortu
607 4134 807 4211 principioque
831 4153 939 4198 carens,
964 4152 1038 4188 non·
1088 4132 1113 4189 si
1127 4151 1173 4189 res
1187 4130 1268 4188 nulla
1288 4151 1384 4188 secum
1406 4132 1469 4210 ipss
1489 4144 1612 4209 pugnat,
1624 4153 1655 4209 25

514 4215 585 4273 dum
606 4215 754 4278 existeret,
769 4224 835 4271 ortu
854 4214 974 4270 materia
992 4232 1037 4269 ca·
1089 4212 1150 4269 hac
1170 4221 1267 4268 autem
1290 4230 1385 4269 secum
1409 4222 1551 4289 pugnant,
1570 4232 1614 4270 se.

515 4295 607 4352 ruisse
635 4314 693 4350 non
722 4293 839 4370 poterit.
893 4293 1038 4350 Caeterum
1089 4292 1188 4368 quitur
1208 4290 1326 4347 omnino
1345 4310 1398 4348 nec
1418 4292 1534 4349 unicam
1554 4312 1614 4351 esse

515 4374 600 4453 plura
638 4373 774 4451 deinceps
808 4386 875 4431 ortu
913 4371 1040 4430 carentia
1090 4371 1239 4429 materiam
1264 4371 1342 4435 istas.
1368 4391 1422 4428 nec
1443 4371 1531 4429 unica
1551 4382 1614 4429 tan·

517 4465 686 4513 statuemus.
729 4453 760 4510 Si
790 4453 920 4510 enimet
948 4453 1039 4518 Deus,
1092 4462 1153 4509 tum
1177 4470 1213 4507 ex
1233 4452 1354 4508 materia
1372 4461 1513 4508 constare.
1559 4451 1614 4509 Cui

517 4546 548 4593 et
562 4533 701 4612 simplicia
722 4534 786 4600 ista.
803 4553 839 4590 ex
853 4533 958 4610 quibus
972 4551 1040 4589 con·
1093 4529 1239 4609 persimile
1260 4550 1292 4587 ac
1311 4530 1458 4608 geminum
1478 4530 1552 4588 illud
1571 4547 1615 4589 est
1622 4549 1659 4603 30

518 4628 597 4673 creta
631 4614 750 4671 materia
779 4625 832 4679 est,
861 4624 928 4670 ortu
964 4632 1042 4669 care·
1094 4610 1171 4689 quod
1186 4611 1326 4688 sequitur.
1369 4609 1450 4680 Quid
1465 4611 1554 4676 enim,
1566 4632 1616 4668 au-

518 4697 602 4763 bunt,
618 4715 676 4751 non
694 4694 753 4769 jam
769 4693 827 4750 duo
844 4705 958 4751 tantum
975 4702 1042 4749 ortu
1095 4712 1152 4748 non
1167 4703 1264 4769 partes
1281 4689 1346 4748 aliis
1365 4689 1435 4747 alias
1449 4691 1570 4748 exitium
1585 4711 1617 4749 ac

519 4775 646 4833 carentia
668 4774 863 4832 censebuntur
874 4797 883 4843 ς
913 4785 947 4830 ut
969 4792 1041 4850 prae·
1094 4783 1204 4850 pestem
1220 4791 1316 4829 creare
1330 4770 1499 4828 confiteris?
1524 4770 1615 4848 Equi·

520 4856 679 4913 termittam
725 4854 754 4909 id
798 4873 936 4929 quarere,
973 4851 1044 4928 quid
1095 4852 1171 4909 dem.
1228 4850 1360 4908 Materiae
1403 4870 1471 4908 vero
1509 4863 1615 4929 partes,

519 4935 631 4995 fuerint
667 4932 819 5010 simplicia,
854 4933 973 4990 materia
1008 4953 1043 4989 an
1095 4931 1202 5009 ignem,
1231 4941 1261 4989 et
1289 4950 1402 5006 aquam,
1432 4941 1462 4988 et
1493 4930 1617 5007 reliquas
1625 4949 1660 5007 35

521 5016 623 5074 forma.
651 5033 716 5069 nam
739 5011 786 5071 vel
810 5014 851 5071 sic
879 5012 971 5070 multa
995 5013 1045 5069 ab.
1095 5031 1158 5069 esse
1172 5010 1328 5070 concedis?
1352 5009 1394 5068 Et
1408 5010 1543 5069 libenter.
1569 5012 1618 5088 lg.

521 5094 608 5154 surda
619 5103 787 5169 sequentur.
805 5094 964 5160 Postremo,
974 5112 1044 5149 num
1096 5111 1162 5149 nem
1184 5111 1270 5169 porro
1291 5110 1374 5167 aqua,
1397 5090 1448 5147 lux
1474 5093 1616 5154 tenebras,
