3917 6467
830 2028 1120 2132 CAIUS.

825 2311 1119 2342 —-§——-

551 2472 589 2544 S.
607 2471 873 2557 Hnruoursrus,
891 2469 975 2543 Lib.
987 2470 1044 2543 De
1066 2467 1162 2541 Viris
1179 2468 1389 2555 Illustrt'bsts,

829 2620 903 2690 cap.
917 2596 979 2666 lix.
997 2620 1031 2689 p.
1051 2594 1135 2667 136.

427 2743 629 2863 Galus,
652 2781 744 2852 ‘sub
764 2779 966 2874 Zephyrino
990 2780 1162 2852 Romanae
1183 2782 1281 2853 urbis
1304 2784 1478 2877 episeopo,
1496 2784 1532 2855 id

424 2912 495 2987 est,
511 2904 579 2975 sub
594 2903 781 2975 Antonino
800 2903 922 2975 Severi
938 2903 1025 2989 filio,
1047 2902 1322 2997 disputationem
1346 2905 1532 2978 adversum

426 3026 632 3110 Proculum,
667 3026 836 3098 Montani
870 3035 1094 3110 sectatorem,
1125 3028 1228 3099 valde
1262 3029 1435 3123 insignem
1470 3032 1533 3103 ha·

424 3152 530 3236 buit;
558 3173 708 3245 argnens
728 3173 811 3222 eum
835 3151 1060 3235 temeritatis,
1079 3148 1210 3244 bsuper
1231 3174 1323 3224 nova
1346 3154 1533 3247 prophetia

427 3276 672 3348 defendenda:
700 3285 739 3346 et
768 3278 804 3346 in
832 3276 958 3348 eodem
986 3277 1167 3347 volumine
1191 3276 1367 3370 Epistolas
1391 3301 1533 3372 quoque

469 3535 484 3568 ⁸
506 3523 599 3582 Hune
619 3523 723 3581 Caium
746 3523 834 3582 etiam
853 3524 956 3581 volunt
977 3524 1033 3581 viri
1053 3524 1131 3583 docti
1153 3536 1300 3585 auctorem
1331 3527 1534 3599 σπουδάσματοι

429 3630 489 3688 sive
507 3629 608 3708 scripti
627 3628 766 3686 adversus
780 3626 951 3685 Artemonis
972 3627 1094 3686 haeresin
1112 3627 1190 3706 apud
1209 3628 1319 3687 Euseb.
1331 3648 1359 3686 v.
1377 3629 1425 3686 28.
1441 3629 1533 3688 secuti

432 3736 570 3795 Photium
586 3734 658 3793 eod.
673 3735 723 3807 48.
745 3753 909 3811 quanquam
930 3734 1079 3792 Eusebius
1100 3732 1207 3793 diserte
1224 3744 1351 3793 testatur
1372 3755 1403 3793 se
1423 3733 1533 3812 aliquid

429 3842 531 3900 afferre
544 3860 581 3899 ex
596 3839 671 3899 libro
683 3841 719 3911 pr)
732 3840 779 3910 τὴν
795 3840 976 3913 προσηγορίαν
994 3840 1145 3915 ἐπογομίνφ
1158 3844 1210 3894 τῶν
1229 3843 1442 3913 σψγρομμίνων.
1484 3840 1533 3896 Ex

429 3956 534 4005 neutro
556 3944 660 4002 horum
683 3943 856 4019 scriptorum
879 3944 1034 4021 quiequam
1058 3953 1141 4002 extat
1166 3954 1270 4023 prater
1299 3964 1391 4023 pauca
1413 3964 1447 4003 ea
1468 3964 1533 4021 quae

430 4049 578 4109 Eusebius
590 4069 626 4108 ex
642 4046 701 4108 illis
714 4048 1041 4108 retulit-Antoninus
1055 4048 1213 4116 Caracalla,
1229 4049 1330 4109 Severi
1346 4050 1424 4110 filius
1436 4051 1534 4130 Impe.

429 4167 507 4215 rator
526 4156 563 4215 ab
585 4154 706 4214 Amr.
726 4152 764 4211 ad
786 4171 855 4229 217.
887 4152 1074 4212 Fannrorus.
1117 4154 1165 4213 De
1186 4154 1262 4213 libro
1284 4154 1422 4214 adversus
1445 4155 1534 4216 Arte-

428 4280 544 4319 monem
558 4259 617 4317 vid.
636 4258 724 4317 infru.
760 4257 885 4318 Photius
903 4256 977 4316 Cod.
991 4259 1040 4330 48.
1055 4278 1084 4337 p.
1097 4276 1147 4335 35.
1184 4265 1283 4316 Τοῦτον
1295 4263 1342 4315 τὸν
1356 4258 1432 4317 Γοΐον
1450 4284 1533 4335 πρεσ-

426 4365 540 4439 βῦτορόν
552 4368 622 4438 φοοι
634 4364 790 4438 γεγενῆσθαι
804 4366 851 4433 τῆς
863 4366 928 4420 κατὰ
936 4364 1036 4436 Ῥόμην
1047 4366 1185 4435 ἐκκλησίας
1194 4367 1236 4423 ἐπὶ
1245 4367 1386 4440 Οὐίκτορος
1396 4370 1437 4423 καὶ
1448 4367 1533 4441 lepri-

426 4474 500 4544 ρι’νου
513 4476 566 4527 τᾶν
578 4470 728 4544 ἀρχιερέων.
749 4470 958 4542 χειροτονηθῆναι
971 4470 1000 4524 δι’
1012 4470 1091 4524 αὐτὸν
1105 4472 1146 4525 καὶ
1159 4470 1239 4526 ἐθνῶν
1252 4471 1404 4528 ἐπίσκοπον.

469 4575 486 4620 ¹>
509 4576 620 4636 Euseb.
643 4575 682 4633 vi.
699 4593 746 4633 20.
767 4573 803 4633 de
826 4573 889 4632 caii
912 4571 1051 4632 adversus
1076 4572 1213 4632 Proolum
1239 4574 1362 4651 loquens
1386 4574 1532 4654 Dialogo:

426 4682 456 4733 δν
470 4670 491 4750 ᾇ
503 4678 556 4729 τᾶν
573 4672 605 4728 δι’
620 4672 735 4728 ἐναντίος
747 4672 795 4741 τὴν
813 4672 876 4744 περὶ
887 4672 919 4724 τὸ
941 4671 1094 4725 συντάττειν
1114 4672 1200 4727 κοινὰς
1220 4673 1325 4744 γραφὰς
1338 4673 1494 4742 sponium
1506 4694 1534 4726 τε

427 4778 580 4849 ωἱτὸλμαν
592 4776 775 4848 ἐπιστομίζων.
804 4774 886 4833 Bene
900 4775 987 4831 καινὰς
999 4776 1104 4847 γραφὰς
1117 4771 1153 4831 de
1169 4772 1336 4853 Prophetiis
1350 4774 1433 4831 novis
1447 4776 1534 4833 Mon·

426 4885 601 4942 tanistarum
626 4882 835 4956 interpretatur
859 4877 1069 4956 Hieronymus.
1095 4897 1217 4955 quarum
1242 4898 1300 4936 non
1324 4877 1411 4936 modo
1435 4878 1536 4937 defen·

427 4990 540 5049 sionem
560 4987 611 5047 sed
631 4996 661 5046 et
680 4986 805 5058 σύνταξιν
823 4984 948 5042 maxime
971 4995 1001 5042 et
1024 4982 1262 5063 compositionem
1283 4982 1342 5041 illis
1357 4981 1445 5040 Caius
1463 4983 1535 5041 vitio

426 5094 516 5154 vertit
527 5094 596 5170 jure
610 5092 725 5151 merito.
750 5089 938 5149 uumerus.
