3917 6467
426 1087 492 1154 416
801 1086 1153 1153 ANNOTATIONES

425 1266 449 1295 ‘⁸
464 1256 556 1320 tilate
575 1255 643 1319 haeo
659 1255 839 1327 cedrenum
862 1255 896 1319 in
915 1255 1057 1340 nurgine
1079 1263 1142 1331 est,
1155 1276 1225 1319 esee
1247 1275 1287 1319 ex
1302 1253 1445 1318 Afriosno
1459 1276 1500 1339 pe
1556 1334 1557 1339 ἵ

427 1370 447 1395 “
462 1359 533 1423 titu
581 1360 743 1422 lnoertum
758 1358 826 1422 lueo
841 1380 881 1421 ne
893 1380 934 1421 un
950 1380 1028 1443 quae'
1036 1367 1213 1442 sequuntur
1231 1357 1273 1420 de
1288 1357 1375 1420 Loto
1392 1365 1423 1420 et
1438 1357 1502 1421 muri

425 1470 598 1525 “mortuo
644 1459 807 1524 Posterius
828 1467 907 1545 puto
921 1480 1030 1523 vorum
1052 1481 1139 1523 esse:
1162 1479 1266 1543 neque
1287 1459 1356 1543 ejus
1376 1457 1505 1522 miruouls

425 1574 448 1602 “
464 1564 643 1628 Oedrenum
668 1563 724 1625 sed
746 1560 934 1625 Africanum
958 1561 1019 1625 sibi
1039 1561 1107 1626 viso
1131 1561 1282 1625 referre?
1328 1560 1413 1625 Setis
1434 1567 1506 1623 reu

424 1660 493 1725 haeo
508 1660 686 1745 Xylunder,
701 1683 760 1746 pro
781 1683 820 1724 eo
842 1662 926 1745 quod
946 1661 1014 1746 ipse
1033 1668 1101 1724 tum
1122 1660 1202 1724 seire
1225 1660 1345 1745 potuit,
1359 1682 1427 1725 oum
1446 1680 1507 1723 nou

426 1764 501 1827 dum
516 1763 622 1827 editus
638 1771 722 1827 esset
737 1763 893 1847 Georgius
908 1762 1081 1848 syncellus,
1095 1763 1179 1848 apud
1195 1785 1292 1847 quem
1313 1761 1437 1848 quidem
1449 1783 1507 1847 pag.

430 1885 500 1929 100.
516 1865 659 1950 proxime
679 1872 756 1929 ente
774 1868 863 1947 ῥῆσιν
882 1865 969 1930 illum
989 1865 1029 1929 de
1045 1865 1127 1930 Loto
1150 1875 1184 1930 et
1206 1865 1290 1930 muri
1314 1874 1439 1929 mortuo
1454 1864 1509 1948 jam

425 1968 599 2032 udductum
612 1968 681 2032 haeo
696 1990 767 2052 quae
781 1975 965 2052 sequuntur,
982 1975 1114 2041 extunt3
1137 1968 1280 2048 Ἀβραὰμ
1298 1966 1468 2053 enesim
1483 1968 1510 2030 lx

426 2070 576 2150 Γερόροις.
609 2072 648 2148 ἥν
672 2095 750 2136 τινες
767 2067 949 2133 Ἀσκάλωνά
973 2077 1070 2149 φασιν
1093 2067 1179 2146 εἶναι,
1203 2070 1245 2136 ὣς
1271 2070 1321 2134 καὶ
1339 2067 1511 2150 Ἀφρικανόν.

425 2173 567 2253 Ἀβραὰμ
580 2172 696 2251 ἔλαβεν
709 2172 764 2250 τὴν
774 2174 928 2251 Χετοῦραν
938 2175 1064 2252 γυναῖκα
1077 2172 1152 2249 μετὰ
1166 2171 1312 2250 τελενεῆν
1324 2168 1431 2251 Σάρης,
1442 2171 1511 2254 lud

427 2272 512 2354 γήρει
536 2273 635 2346 αὐτοῦ,
657 2275 690 2351 ἐξ
714 2272 750 2350 ἧς
775 2272 868 2354 ἔσχεν
892 2272 972 2338 otote
1003 2275 1037 2335 ε’.
1061 2275 1231 2353 Σεμιιριόμ,
1253 2270 1381 2348 ’lestrdr¹
1407 2250 1521 2348 Maeli

428 2375 563 2453 Μειδιὰμ,
576 2371 716 2451 Ἰεσβόι.
761 2374 841 2438 cum
867 2394 944 2458 ergo
968 2395 1009 2437 ex
1030 2373 1098 2436 solo
1119 2372 1183 2437 isto
1205 2371 1346 2458 Syuoelli
1370 2372 1447 2445 loeo.
1465 2369 1513 2434 uisi

426 2475 611 2541 ueeessisset
625 2475 759 2540 cedreni
776 2474 1003 2551 testimonium,
1019 2497 1083 2538 non
1097 2484 1286 2561 sequeretur
1299 2475 1335 2539 id
1350 2475 1434 2560 quod
1445 2494 1513 2538 nune

427 2576 533 2662 pulum
554 2584 616 2653 set,
634 2576 776 2641 Afriouni
799 2576 905 2641 omniu
927 2577 995 2641 haeo
1016 2599 1095 2654 esse,
1111 2577 1185 2641 hino
1210 2584 1343 2642 eonstut
1368 2576 1463 2641 mults
1480 2574 1513 2639 ud

427 2679 563 2745 eundem
576 2679 763 2744 Afrieunum
778 2680 937 2765 pertinere
951 2701 1044 2765 posse
1057 2681 1143 2764 opud
1154 2680 1214 2743 hos
1227 2679 1514 2766 ehmnologosque

427 2782 514 2846 houd
528 2780 603 2845 lieet
617 2803 676 2866 pro
690 2792 779 2846 oerto
793 2782 821 2846 ei
837 2782 988 2846 tribuere.

473 2884 511 2947 P.
529 2886 602 2964 267.
618 2883 640 2946 l.
659 2903 687 2946 1.
701 2883 757 2962 τὴν
778 2889 832 2947 νῦν
844 2884 1026 2948 Ἀσκάλωνα
1046 2882 1227 2969 λεγομένην]
1249 2882 1432 2968 legendum
1450 2888 1517 2967 pulo

427 2987 463 3065 τῇ
479 2990 533 3049 νῦν
544 2983 718 3049 Ἀσκάλωνι
731 2983 892 3065 λεγομένῃ.
936 2987 987 3049 At
1000 3006 1075 3048 vero
1091 2985 1186 3049 urbes
1201 2984 1328 3049 Germ
1345 2992 1381 3050 et
1394 2983 1514 3050 Aulon

428 3106 553 3170 semper
573 3085 704 3150 divem
725 3085 810 3150 inter
831 3108 865 3150 se
886 3086 983 3150 luisse
1003 3085 1160 3162 videntur,
1180 3107 1285 3170 neque
1306 3087 1393 3150 euim
1412 3086 1516 3150 (leurs

429 3187 505 3251 urbs
519 3187 691 3251 maritimo.
736 3187 844 3252 Aliter
858 3208 932 3252 vero
947 3188 988 3252 de
1002 3187 1062 3252 hoo
1083 3210 1118 3252 re
1137 3187 1292 3253 statuisse
1306 3187 1432 3252 videtur
1444 3182 1515 3249 Afri

429 3310 539 3365 conus,
555 3289 607 3373 qui
625 3289 807 3354 Pulaestinae
821 3289 922 3354 incole
936 3290 1006 3355 luit.

473 3390 555 3453 Ibid.
573 3390 593 3453 l.
608 3411 640 3474 5.
655 3391 735 3458 υἱοὺς
749 3391 854 3476 πέντε]
874 3391 978 3454 Biblia
993 3391 1025 3454 in
1043 3393 1149 3455 θσιιιιί
1168 3413 1241 3455 xxv.
1259 3410 1290 3453 2.
1307 3415 1365 3456 sex
1386 3391 1460 3454 filios
1477 3410 1505 3450 re

429 3499 568 3555 censent.
608 3493 647 3554 In
663 3492 842 3555 nominibus
857 3501 965 3556 autem
980 3493 1119 3578 ipsorum
1135 3492 1312 3556 scribendis
1323 3492 1446 3556 varient
1458 3509 1514 3552 eum

429 3593 575 3677 exemplo
595 3595 710 3658 Graeeo
731 3601 764 3656 et
786 3593 913 3673 butino,
934 3602 1005 3658 tum
1026 3604 1183 3672 auctores,
1199 3594 1253 3679 qui
1277 3594 1363 3658 huno
1381 3595 1413 3659 S.
1430 3591 1514 3674 Scn‘o

430 3702 511 3758 turso
526 3695 628 3758 loeum
644 3695 855 3759 adduxerunt.

942 4049 1021 4114 XV.

472 4203 555 4268 Ibid.
571 4204 590 4266 l.
614 4224 621 4264 ι
628 4221 659 4288 5.
675 4201 903 4281 Ἑβδομήκοντα
922 4207 997 4267 ἑπτὰ
1015 4203 1089 4289 dte]
1111 4202 1226 4269 Confer
1244 4203 1322 4266 Gen.
1338 4224 1430 4287 oepp.
1443 4197 1518 4265 xxix.

428 4315 462 4370 et
478 4328 554 4368 xxx.
570 4313 603 4368 et
618 4327 688 4388 oep.
705 4305 758 4367 xli.
775 4326 887 4367 comm.
902 4310 953 4382 46.
970 4313 1004 4369 et
1022 4328 1113 4390 capp.
1130 4303 1214 4366 xlvii.
1231 4325 1343 4367 eorum.
1360 4325 1393 4386 9.
1409 4326 1447 4367 ex
1465 4299 1520 4384 qui-

428 4407 488 4470 bus
506 4405 583 4469 loeis
603 4406 686 4468 idem
704 4406 807 4490 ipsum
826 4407 865 4469 de
879 4405 997 4469 Jeoobi
1018 4415 1117 4470 aetute
1138 4405 1291 4489 eolligunt
1307 4405 1355 4468 vel
1379 4413 1521 4490 praestuu·

427 4508 541 4572 tissimi
563 4507 756 4591 chronologi.
802 4508 866 4570 Sed
888 4508 1021 4592 opponit
1047 4531 1081 4572 se
1104 4507 1258 4571 Africano
1282 4507 1448 4591 Synoellus
1468 4514 1524 4570 ste·

428 4618 530 4681 tuens,
546 4609 706 4672 Juoobum
728 4632 813 4672 anuo
832 4611 940 4674 aetotis
958 4632 1024 4675 suae
1046 4626 1095 4694 73.
1111 4618 1279 4694 paternam
1297 4609 1462 4693 reliquisse
1477 4608 1525 4669 do-

427 4733 524 4786 mum,
539 4711 630 4793 eujus
648 4710 789 4774 rationes
811 4711 894 4775 tueri
910 4712 1036 4775 Goerus
1055 4711 1088 4774 in
1108 4710 1190 4775 notis
1212 4710 1411 4795 aggreditur.
1455 4710 1526 4774 com

428 4814 581 4877 Afrieuno
597 4823 704 4876 autem
726 4814 886 4878 consentit
902 4815 1042 4897 Prosper
1057 4813 1242 4897 Aquitunus
1261 4812 1294 4874 in
1311 4812 1461 4876 Chronioo
1477 4812 1525 4873 Is·

426 4925 516 5000 teyro,
531 4913 615 4997 quod
632 4913 793 4977 Lobbaeus
814 4914 935 4999 primus
957 4915 1066 4992 edidit,
1082 4938 1114 5000 p.
1130 4918 1205 5000 526.
1232 4916 1438 4979 lutmiorum
1460 4915 1526 4977 Lot.

428 5016 569 5080 Cironio.
587 5037 607 5078 a
622 5014 787 5078 Roneellio
801 5038 886 5079 anno
899 5017 992 5099 1787.
1004 5017 1128 5081 Patavii
1145 5017 1230 5102 typis
1245 5017 1392 5101 impress.
1422 5014 1527 5080 Posuit

426 5117 508 5180 huno
523 5119 610 5195 ῥῆσιν
625 5116 766 5203 Soeliger
781 5118 812 5181 in
829 5118 1013 5182 Eusebieeis
1026 5142 1098 5203 pag.
1117 5137 1167 5183 22.
1182 5120 1302 5183 additis
1318 5118 1434 5193 verbis,
1447 5120 1485 5183 de
1498 5117 1527 5178 dr
