3917 6467
565 1042 616 1111 ΙΝ
641 1044 912 1113 CONCILlUM
940 1043 1277 1112 LUGDUNENSE.
1433 1045 1474 1110 55

364 1224 385 1250 ⁸⁶
403 1216 514 1293 verbs,
536 1237 607 1302 quae
635 1218 791 1283 Eusebius
817 1240 885 1302 esp.
904 1238 954 1303 23.
977 1219 1048 1283 libri
1065 1242 1092 1282 v.
1116 1219 1196 1284 citat
1219 1221 1258 1292 de
1281 1218 1475 1303 jejuniorum

363 1324 384 1351 “
400 1318 599 1394 diversitate,
616 1320 660 1384 sic
676 1322 787 1385 Graece
809 1320 978 1385 habentia:
1004 1325 1098 1401 φησὶν
1121 1322 1166 1384 ὅτι
1183 1323 1258 1387 τινὲς
1273 1322 1321 1384 καὶ
1335 1321 1401 1399 περὶ
1424 1324 1475 1382 τοῦ

364 1427 384 1454 “
399 1424 558 1497 νηστεύειν
577 1425 726 1502 διαφόρως
744 1421 932 1502 παρέλαβον,
956 1425 985 1485 οἱ
1007 1425 1064 1501 μὲν
1088 1426 1145 1503 γὰρ
1164 1424 1236 1501 μίαν
1249 1425 1344 1500 μόνην
1363 1422 1475 1500 ἡμέραν

362 1529 383 1557 “
402 1523 576 1601 ἐνήστενον,
599 1527 629 1587 ol
650 1526 682 1589 δὲ
705 1526 767 1595 δύο,
791 1526 820 1587 ol
842 1527 875 1586 δὲ
898 1526 1122 1598 salubriores,
1145 1527 1174 1587 ol
1196 1528 1228 1586 δὲ
1251 1523 1475 1604 τεσσαράκοντα

364 1630 385 1657 “
401 1625 482 1702 ὧρας
511 1627 606 1704 μόνας
631 1627 770 1704 ἡμερινὰς
795 1628 843 1688 sol
873 1629 1053 1707 suscepturis,
1087 1628 1167 1707 ὤραν
1198 1627 1263 1689 ἀντὶ
1289 1625 1397 1705 ἡμέρας
1423 1651 1472 1703 νη·

364 1732 384 1760 “
401 1729 571 1794 στεύοντες·
598 1729 646 1790 καὶ
671 1731 746 1790 πᾶσι
770 1730 976 1809 σννεχωρίσθη
1004 1727 1226 1810 (συνεχωρήθη)
1253 1728 1314 1794 τοῖς
1341 1728 1475 1807 ἀρχαίοις

364 1834 386 1862 “
402 1828 488 1890 ἔθεσι
502 1827 704 1910 perfessione?q
747 1829 826 1893 Cum
847 1838 955 1892 auteur
976 1830 1139 1913 exemplar
1157 1829 1309 1911 ejusdem,
1325 1828 1356 1891 ni
1373 1828 1474 1905 snllor,

363 1929 508 2012 opusculi
538 1930 570 1993 in
602 1930 794 1994 bibliotheca
821 1938 931 1993 nostra
958 1929 1135 1993 Bodleiano
1159 1938 1258 2004 extet,
1286 1931 1369 2014 quod
1397 1929 1473 1991 nihil

363 2031 432 2095 sere
457 2031 544 2095 aliud
570 2043 621 2098 est
650 2053 747 2117 quam
777 2030 950 2096 Eusebisni
975 2030 1080 2116 operis
1104 2033 1258 2116 synopsis,
1284 2032 1380 2096 verbu
1408 2032 1474 2094 haec

364 2133 508 2197 nonnihil
537 2134 692 2219 ampliata
721 2134 772 2197 bic
803 2134 953 2197 exhibere
984 2134 1084 2219 potui.
1132 2135 1274 2197 Numero
1302 2135 1394 2213 2408.
1423 2133 1474 2197 hie

364 2233 446 2298 liber
460 2234 492 2299 in
510 2234 654 2319 Ootslcpo
667 2237 855 2300 Musarum
870 2236 1014 2318 signatus
1029 2244 1087 2297 est.
1134 2234 1246 2297 Sedet
1264 2234 1295 2297 in
1312 2233 1409 2297 veteri
1427 2235 1475 2296 De

364 2338 466 2402 Gestis
488 2338 620 2403 Caecilii
636 2339 832 2402 Ceramenses
853 2339 1054 2413 Narratione,
1071 2360 1141 2421 quoe
1159 2338 1255 2400 lledse
1278 2336 1474 2421 temporibus

365 2440 522 2505 vetustior
543 2457 604 2517 est,
622 2441 777 2525 jejunium
800 2440 1015 2525 quadraginta
1037 2441 1187 2503 horarum
1214 2440 1261 2503 ita
1285 2460 1473 2502 commemo-

365 2550 468 2604 ratur.
514 2540 693 2617 demde,
723 2542 800 2607 sicat
828 2542 956 2605 historio
982 2540 1107 2605 Euscds‘c'
1132 2541 1326 2605 Ceseriensis
1351 2550 1473 2615 narret,

361 2663 537 2727 quocunque
550 2643 601 2707 dic
615 2665 711 2707 monce
725 2644 846 2708 Mustio
860 2643 1091 2729 quartadecima
1106 2642 1180 2705 lunc
1197 2644 1344 2717 evenisset,
1355 2643 1472 2727 pescle

362 2742 559 2808 celebratam.
604 2745 645 2807 In
662 2745 762 2809 Italia
780 2755 879 2809 auem
893 2746 952 2808 clii
970 2744 1075 2829 plenos
1089 2745 1296 2829 quadrepintc
1314 2745 1378 2808 dies
1390 2746 1472 2828 jeju-

363 2844 489 2921 mbae,
512 2846 573 2909 clii
592 2847 734 2930 tripistc.
781 2847 850 2911 Alii
871 2846 1011 2911 dicebant
1034 2856 1143 2932 septem
1169 2844 1284 2922 diebus,
1307 2847 1342 2909 iu
1365 2845 1472 2930 quidus

362 2947 497 3011 scandas
518 2946 707 3012 cosduditur
723 2949 767 3027 (h.
780 2971 805 3012 e.
823 2948 988 3012 absolutus
1007 2957 1069 3029 est)
1086 2946 1145 3011 cidi
1163 2949 1295 3030 sufficere
1307 2947 1470 3031 jejunare:

361 3048 445 3124 Alii,
461 3050 538 3134 qaia
560 3051 711 3114 Dominus
731 3050 939 3135 quadrapietc
954 3049 1017 3112 dies
1031 3047 1203 3132 jejunasset,
1220 3050 1271 3113 illl
1291 3050 1381 3113 dores
1397 3072 1471 3134 qua·

361 3149 510 3235 draymta
524 3149 668 3215 dederant.
714 3150 751 3213 ln
769 3151 889 3214 leuzii
907 3152 986 3213 Noc.
1005 3150 1120 3215 Collcct
1140 3151 1252 3215 Ooncil.
1268 3174 1298 3236 p.
1316 3172 1362 3229 14.

409 3252 493 3315 Mihi
509 3252 635 3336 quidem
650 3261 777 3317 attento
798 3253 904 3316 animo
920 3253 1134 3317 consideranti
1150 3254 1290 3316 diverses
1311 3275 1369 3338 pro
1385 3261 1470 3317 utra-

363 3375 427 3438 que
439 3354 705 3438 interpretatione
721 3354 869 3432 rationes,
886 3356 1000 3439 quibus
1015 3356 1152 3419 illustres
1167 3354 1225 3419 viri
1238 3354 1406 3440 jejunium,
1424 3356 1470 3417 vel

362 3455 581 3540 quadraginta
606 3456 765 3531 horarum,
793 3456 840 3520 vel
866 3464 979 3519 contre
1010 3456 1223 3541 quadraginta
1249 3456 1381 3530 dierum,
1412 3458 1468 3519 ad-

362 3563 489 3621 struere
511 3556 622 3632 solent,
645 3556 790 3620 horarum
815 3555 891 3620 illud
917 3559 959 3621 ab
987 3557 1109 3621 lrenaeo
1136 3558 1336 3642 designatum
1364 3558 1469 3632 fuisso,

363 3679 549 3742 persuamm
564 3669 623 3723 est.
654 3659 733 3723 Gum
751 3681 823 3721 vero
839 3659 891 3722 hic
906 3659 945 3721 de
957 3659 1078 3744 jejunio
1095 3659 1126 3721 in
1142 3670 1254 3722 sanctu
1273 3659 1470 3721 hebdomade

362 3767 493 3822 serrato
514 3759 664 3842 loquatur
680 3758 831 3834 lrenaeus,
846 3780 908 3821 non
931 3759 970 3820 de
992 3758 1244 3842 superpositione
1264 3758 1317 3821 illo
1338 3759 1469 3832 solenni,

363 3882 448 3944 quae,
467 3871 506 3925 ut
527 3861 610 3924 iufra
631 3861 729 3924 refert
753 3862 785 3923 S.
798 3862 822 3922 V
826 3883 981 3923 rmonrnus
995 3861 1044 3923 Dc
1060 3858 1197 3924 Fabios
1217 3860 1335 3923 ,nendi
1350 3884 1380 3945 p.
1393 3864 1468 3945 456.

362 3964 398 4025 is
410 3963 589 4046 altmmfit
603 3964 694 4038 dees,
705 3963 822 4047 aliquid
835 3972 991 4047 preterea
1002 3964 1181 4025 addendum
1196 3972 1254 4025 est.
1292 3962 1353 4042 Qui
1365 3985 1467 4025 corne-

363 4066 440 4128 dere
455 4066 648 4130 omittebant
663 4079 739 4129 ante
758 4066 920 4128 meridiem
936 4065 998 4127 diei
1018 4064 1238 4139 crucifixionis,
1259 4087 1321 4148 quo
1342 4064 1468 4149 quidem

363 4180 509 4253 tempore
529 4168 696 4252 prandium
716 4190 771 4230 seu
794 4168 1007 4231 untecoenium
1022 4190 1146 4231 sumere
1162 4167 1289 4231 solitum
1310 4180 1368 4242 est,
1385 4167 1465 4250 jeju-

362 4288 479 4336 nantes
510 4293 609 4355 usque
637 4271 678 4335 ad
709 4271 838 4334 tertiam
868 4272 980 4333 horam
1011 4277 1152 4333 nostrum
1184 4269 1374 4332 matutinam
1406 4269 1467 4332 diei

364 4373 553 4446 neminisse,
560 4395 623 4457 quo
634 4372 761 4436 circiter
771 4381 915 4456 tempore
923 4373 990 4456 jam
1001 4379 1076 4435 aute
1088 4369 1467 4434 resurrexisseChristum

360 4486 501 4551 constat,
517 4475 550 4537 hi
567 4474 722 4560 jejunium
738 4474 950 4559 quadraginta
970 4475 1119 4535 horarum
1135 4473 1317 4548 servabant,
1332 4477 1373 4535 ab
1392 4474 1469 4536 hora

361 4588 475 4645 nostra
501 4578 666 4641 undecima
689 4578 849 4641 matutino
872 4576 933 4640 diei
961 4574 1171 4638 crucifixionis
1198 4597 1363 4637 numerare
1391 4576 1466 4637 inci·

360 4685 506 4769 pientes;
528 4679 693 4764 completis
715 4677 828 4756 diebus,
845 4690 881 4743 ut
903 4677 950 4740 nit
974 4676 1203 4751 Tertullianus,
1223 4674 1330 4760 quibes
1350 4675 1469 4740 adlatus

359 4787 562 4870 mspm.

406 4886 546 4960 luteres,
569 4884 644 4948 dum
667 4904 764 4966 supra
788 4880 930 4944 Valesius
952 4881 1010 4957 ait,
1033 4879 1210 4943 necessario
1230 4879 1391 4963 consequi,
1413 4902 1467 4942 eos

359 4988 415 5072 qui
430 4986 645 5072 quodraginta
665 4985 728 5047 dics
742 4983 935 5068 jejunarent,
952 4992 1023 5045 toto
1043 4981 1096 5043 illo
1116 4989 1258 5064 tempore
1279 4980 1355 5043 nihil
1379 5003 1468 5066 pror-

359 5113 416 5155 sus
430 5090 596 5154 comedere
611 5086 762 5171 potuisse,
774 5108 813 5149 eo
829 5084 913 5169 quod
930 5085 1025 5147 horse
1040 5091 1108 5147 tum
1123 5091 1295 5146 nocturnes
1311 5103 1406 5165 quam
1421 5083 1467 5145 di·

360 5189 587 5276 umujejunio
595 5190 803 5273 deputarent3
820 5186 879 5250 hoc
890 5195 975 5249 certe
986 5186 1079 5260 viros,
1090 5184 1141 5269 qui
1153 5184 1304 5268 colligunt
1311 5184 1467 5268 jejunium
