3917 6467
702 1102 750 1167 ΙΝ
773 1103 994 1169 AFRICANI
1018 1101 1264 1169 CHRONICA.
1472 1105 1537 1168 423

494 1270 586 1336 Ante
601 1271 744 1336 Abrahae
759 1272 828 1337 nati
842 1293 942 1337 annos
958 1290 1011 1358 75,
1025 1294 1097 1357 pro-

541 1373 719 1450 fectionem,
746 1373 820 1437 anni
850 1375 892 1437 ab
917 1374 994 1437 orbe
1022 1396 1096 1438 con-

541 1474 699 1538 ditosunt
815 1512 828 1523 ·
950 1512 963 1523 -
1079 1513 1093 1525 ·
1114 1492 1210 1560 3277.
1235 1475 1386 1561 Excerpt.
1404 1495 1451 1540 rx.

497 1575 675 1651 Abrabam,
712 1597 785 1640 cnm
821 1585 904 1641 esset
940 1599 1096 1641 annorum

544 1694 614 1751 100,
629 1675 741 1759 genuit
756 1676 855 1739 lsaao.
960 1718 973 1729 -
1081 1713 1094 1725 -
1154 1694 1205 1759 25.
1229 1676 1343 1739 Genes.
1360 1674 1424 1739 xxi.
1440 1689 1472 1760 5.

497 1773 599 1853 Isaac,
615 1798 687 1839 curn
702 1783 787 1841 esset
806 1800 962 1842 annorum
977 1785 1028 1842 60.
1043 1800 1096 1863 ge

541 1875 612 1940 nuit
625 1876 740 1942 Jacob.
845 1919 856 1932 .
964 1920 978 1933 .
1084 1915 1097 1928 .
1162 1881 1213 1942 60.
1239 1880 1354 1944 Genea.
1371 1900 1444 1942 xxv.
1463 1881 1513 1944 26.

495 1977 602 2043 Jacob
616 2002 717 2044 annos
731 1988 827 2044 natus
847 2001 918 2066 130,
929 1981 977 2044 vel
992 2003 1094 2045 annos

540 2081 656 2146 solidos
675 2102 744 2165 129,
762 2084 940 2168 AEgyptum
955 2084 1045 2148 adiit.
1136 2102 1207 2168 ¹30·
1232 2081 1383 2166 Excerpt.
1399 2103 1455 2145 xx.

498 2180 660 2268 Josephus
681 2184 783 2268 patris
802 2185 965 2248 descensui
985 2207 1092 2270 super·

539 2287 769 2351 stesiuitanu.
857 2329 870 2340 -
964 2324 977 2335 -
1075 2323 1088 2336 ·
1159 2305 1211 2366 70.
1238 2285 1330 2348 Idem
1345 2284 1501 2368 Excerpt.

429 2558 585 2623 Forsitan
606 2557 683 2621 illud
703 2558 736 2622 in
756 2558 850 2623 Num.
868 2580 920 2622 xx.
938 2559 978 2622 de
1002 2559 1094 2623 annis
1114 2459 1246 2643 iiiiii
1270 2579 1309 2622 ac
1329 2553 1456 2633 Jacobi,
1472 2576 1535 2640 quo

429 2671 576 2745 tempore
590 2656 803 2726 descendebat
817 2661 869 2725 hic
887 2662 919 2724 in
935 2663 1125 2746 AEgyptum,
1141 2661 1267 2745 collegit
1290 2659 1350 2724 eibi
1371 2656 1536 2743 Syncellus

429 2760 656 2826 tantummodo
670 2785 709 2827 ex
725 2763 837 2842 verbis,
853 2784 924 2848 quae
940 2761 1085 2826 Africani
1100 2771 1285 2846 sequuntur.

923 3115 1045 3183 XXII.

474 3274 513 3338 P.
531 3275 603 3357 269.
618 3272 639 3336 l.
656 3292 706 3338 21.
725 3276 802 3339 Ἀπὸ
818 3282 870 3341 τοῦ
882 3280 991 3360 Τρίτον
1011 3285 1070 3342 τῶν
1083 3277 1268 3360 Ἀφρικανοῦ
1283 3274 1534 3363 Χρονογραφιῶν]

431 3376 509 3456 Quae
532 3385 720 3459 sequuntur,
740 3377 898 3444 Eusebius
920 3403 992 3444 cum
1014 3381 1074 3445 hoc
1096 3380 1191 3445 titulo
1213 3379 1348 3443 adduxit
1369 3379 1402 3441 in
1424 3378 1479 3443 lib.
1501 3400 1534 3443 x.

431 3478 609 3561 Proepurct.
631 3477 752 3562 Εοοορ.
775 3500 844 3564 cap.
870 3501 917 3544 10.
942 3504 973 3566 p.
995 3484 1070 3564 487.
1092 3481 1142 3545 ed.
1161 3480 1287 3566 Vigeri;
1311 3481 1367 3544 sed
1389 3480 1535 3544 auctiora

428 3599 451 3641 a
470 3599 522 3640 me
542 3577 649 3640 multis
669 3578 746 3641 locis
765 3580 893 3644 reddita
911 3604 951 3644 ex
967 3582 1103 3667 Syneelli
1122 3581 1373 3666 Chrorwyrcplic
1390 3602 1463 3665 pag.
1480 3583 1535 3665 63.

429 3685 464 3741 et
479 3677 567 3755 alibi,
583 3678 638 3741 ubi
655 3701 676 3742 a
691 3680 794 3744 verbis
814 3685 914 3763 φαμὲν
933 3686 1034 3747 τοίνυν
1052 3705 1126 3767 pag.
1145 3701 1215 3765 272.
1232 3682 1285 3744 lin.
1306 3683 1355 3744 16.
1372 3682 1413 3745 ad
1435 3703 1535 3766 usqne

428 3779 526 3843 finam
548 3782 705 3846 nonnullae
728 3792 836 3867 partes
858 3784 999 3869 ejusdem
1022 3786 1137 3866 ῥήσεως
1162 3792 1286 3862 extant,
1308 3783 1362 3847 sed
1391 3782 1535 3867 plurimis

428 3882 564 3946 omissis.
608 3884 771 3948 Praeterea
786 3908 825 3948 ex
840 3887 952 3949 eodem
966 3885 1112 3971 Syncello
1132 3892 1270 3960 constat,
1286 3884 1430 3948 extitisse
1444 3883 1532 3946 Airi-

428 3985 500 4049 cani
515 3985 604 4050 istaec
619 3988 678 4050 sub
693 3986 765 4050 libri
780 3988 868 4052 tertii
889 3988 1026 4064 initium,
1043 3988 1126 4071 quod
1147 4008 1249 4071 pauca
1269 4008 1309 4048 cx
1329 3984 1378 4048 his
1399 3984 1535 4050 afferens

427 4108 503 4171 pag.
520 4103 571 4168 70.
589 4088 814 4173 ΟΙινονορτορΙι.
834 4089 882 4152 ita
903 4089 1024 4166 scribit,
1046 4091 1084 4156 ὣς
1107 4090 1195 4155 οὗτὸς
1214 4087 1397 4169 Ἀφρικανὸς
1420 4112 1532 4168 ascop-

428 4191 554 4270 τύρηκεν
569 4191 603 4253 ἔν
617 4192 694 4273 ὀρχῇ
710 4196 761 4253 τοῦ
776 4192 874 4271 τρίτου
889 4193 993 4272 λόγον.

474 4291 561 4354 Ibid.
576 4292 596 4354 l.
615 4311 664 4355 22.
681 4291 783 4373 Μέχρι
803 4292 860 4370 μὲν
882 4297 940 4354 τῶν
957 4290 1182 4369 Ὀλυμπιάδων,
1202 4290 1289 4353 οὐδὲν
1310 4290 1433 4369 ἀκριβὲς
1453 4290 1534 4352 tast-

425 4418 514 4473 ρτγιοι
528 4391 754 4477 τοῖςἜλληοι,]
770 4393 873 4456 Extat
887 4392 947 4456 hoc
958 4391 1127 4455 frustulum
1143 4390 1176 4453 iu
1186 4389 1396 4454 Cohortatioco
1408 4411 1534 4475 quoquc

426 4493 474 4557 ad
490 4495 623 4569 Groeooa,
640 4493 674 4556 S.
690 4494 713 4555 J
716 4493 821 4557 ustino
838 4491 977 4577 Martyri
993 4514 1064 4577 quae
1078 4491 1172 4575 vulgo
1186 4489 1311 4554 tributa
1325 4495 1376 4551 est
1394 4510 1463 4572 cap.
1481 4506 1532 4552 ιο.

426 4594 476 4659 cd.
500 4593 697 4658 Benedictiu.
720 4595 807 4658 οὐδὲν
820 4592 966 4670 Ἕλλησι,
988 4593 1092 4679 inquit
1113 4601 1236 4668 auctor,
1260 4592 1317 4671 πρὸ
1340 4596 1400 4654 τῶν
1420 4592 1533 4669 Ὀλυμ-

425 4696 541 4761 ιτιάδων
566 4698 695 4776 ἀκριβῶς
722 4698 881 4776 ἱστόρηται.
927 4698 1039 4778 Atque
1062 4695 1134 4758 idco
1158 4694 1217 4770 vir,
1235 4699 1389 4777 regnante
1413 4691 1446 4754 iu
1462 4690 1532 4753 Bri-

425 4797 539 4863 tannia
555 4799 652 4862 Anna
667 4805 701 4862 et
715 4798 838 4861 duobus
852 4796 1085 4861 successoribus
1105 4796 1182 4880 ejus,
1198 4795 1319 4880 pietate
1340 4799 1438 4876 atque
1459 4791 1533 4856 doc·

426 4899 513 4963 trina
533 4906 691 4984 praestans
706 4898 839 4963 Carolus
854 4899 1034 4974 Ashtonus,
1049 4908 1117 4961 tum
1132 4920 1172 4962 ex
1189 4896 1239 4959 his
1253 4893 1401 4958 Africani
1416 4893 1531 4972 verbis,

424 5007 495 5065 tum
511 5022 551 5064 cx
563 4998 634 5063 aliis
645 4999 692 5062 vcl
708 4999 975 5063 manifestioribus
990 4998 1113 5063 indiciis
1129 5020 1203 5061 mox
1214 4995 1393 5071 afferendis,
1404 4993 1532 5079 collegit

425 5101 497 5179 sibi,
525 5101 763 5166 Ochcstctioccm
788 5101 833 5164 ad
856 5102 978 5165 Graecos
999 5100 1092 5164 alicui
1121 5098 1268 5185 scriptori
1290 5096 1409 5162 Justini
1432 5103 1531 5161 aetats
