3917 6467
432 1103 498 1189 css
812 1100 1167 1165 iusornrrours

428 1280 452 1306 ⁴⁶
468 1282 501 1331 et
526 1291 584 1352 per
605 1288 707 1328 annos
730 1288 896 1350 expansos,
912 1290 950 1329 ac
972 1268 1070 1331 series
1095 1290 1171 1331 suas
1196 1267 1328 1352 digerit,
1342 1288 1438 1330 anuos
1457 1289 1508 1330 cun

430 1382 449 1406 ⁸·
464 1373 555 1432 annis
570 1388 745 1453 comparat.
759 1371 943 1432 Archontes
957 1391 1029 1432 cum
1045 1370 1250 1445 Consulibus,
1265 1369 1371 1454 Reges
1384 1391 1450 1432 cum
1462 1370 1511 1433 Ge

430 1484 450 1507 ³·
465 1474 598 1535 mribus
614 1486 747 1533 externo
767 1494 838 1533 cum
857 1472 1032 1534 vernaculis
1052 1472 1177 1535 confert
1187 1475 1219 1535 :”
1242 1474 1374 1556 (nempe
1392 1471 1512 1533 ommbua

429 1574 495 1636 lere
511 1575 542 1635 in
558 1574 685 1635 tabulas
699 1564 867 1656 plumllelas
882 1574 1004 1652 relatis)
1020 1583 1039 1610 “
1049 1574 1193 1638 —Bis
1204 1573 1365 1658 Georgius
1377 1572 1512 1656 Syneellus

428 1686 451 1711 ⁴‘
465 1676 600 1738 alteram
620 1675 748 1736 Eusebii
766 1690 889 1758 partem
910 1676 944 1736 τὸ
967 1680 1041 1737 κατὰ
1061 1676 1175 1741 πλάτος
1194 1675 1380 1760 appellavit,
1396 1676 1452 1738 hoc
1467 1682 1511 1749 ecl,

430 1788 638 1859 “expansum
653 1799 744 1859 opus.
761 1777 845 1860 quod
861 1778 893 1838 in
913 1779 972 1839 bac
990 1787 1083 1861 parte
1102 1778 1178 1840 anui
1197 1800 1311 1841 omnes
1329 1781 1404 1841 κατὰ
1422 1776 1513 1842 πλάτος

428 1888 450 1914 “
466 1894 498 1939 et
514 1878 644 1960 expansi
662 1894 833 1960 ponuntur.
849 1879 902 1960 qui
919 1879 949 1939 iu
966 1878 1071 1961 priore
1086 1894 1180 1962 parte
1196 1879 1261 1941 καθ’
1278 1880 1377 1957 ὁμάδο
1398 1880 1444 1942 παὶ
1460 1880 1513 1941 im-

429 1989 451 2015 ‘⁴
468 1983 677 2056 κεφαλαιωδῶς
712 1979 1090 2060 comprehendebantur.”
1149 1979 1232 2042 Haec
1269 1979 1420 2063 Scaliger.
1473 1979 1513 2041 lta

429 2083 611 2144 Chaucems
627 2096 765 2147 nostras.
782 2080 966 2142 Petmrcbae
980 2092 1078 2166 atque
1100 2081 1247 2144 Boccacii
1272 2081 1413 2165 aequalis,
1432 2080 1511 2142 dete

429 2184 511 2245 bulis
522 2184 709 2266 quibusdam
719 2181 883 2244 Toletanis
895 2183 1000 2256 dictis,
1009 2184 1065 2244 sed
1076 2183 1313 2259 astronomicis,
1323 2184 1392 2246 hec
1403 2181 1512 2252 oeciuit3

599 2284 662 2345 His
675 2282 768 2344 tublcs
786 2283 815 2344 T
811 2283 1032 2365 cletumfcrtl
1048 2283 1083 2346 lc
1098 2283 1221 2368 brouqlt

603 2387 637 2447 F
635 2385 667 2446 ul
680 2384 736 2445 qu
748 2385 906 2456 corrected,
919 2385 984 2446 tlart
999 2385 1064 2447 ther
1078 2385 1186 2448 lackcd
1198 2386 1318 2471 eustyli,

602 2486 716 2548 Mller
729 2486 777 2548 lis
791 2487 912 2560 collect,
927 2509 963 2548 nc
975 2487 1022 2548 lis
1037 2510 1156 2571 expans
1170 2511 1273 2572 yeres.

739 2588 890 2650 Fabulnr.
907 2589 1059 2653 Cantuar.
1075 2614 1104 2652 v.
1127 2595 1238 2674 11585.
1255 2593 1306 2654 ed.
1323 2590 1478 2675 Tyrwbitt.

428 2692 580 2755 Conferas
595 2697 627 2752 et
644 2698 709 2752 not.
725 2712 822 2772 supra
836 2691 878 2752 ad
895 2690 989 2752 Num.
1003 2714 1099 2754 xxvii.
1112 2716 1142 2776 p.
1155 2715 1230 2777 443.
1247 2694 1302 2756 ubi
1318 2694 1359 2757 de
1374 2693 1509 2777 ipsoque

428 2815 489 2876 que
506 2791 647 2854 Africani
665 2814 759 2874 opere
774 2792 820 2854 ita
834 2791 959 2854 loeutus
982 2803 1032 2856 est
1047 2794 1194 2856 Auianus
1213 2795 1425 2879 chronologus
1443 2791 1510 2876 apud

429 2894 626 2978 syncellum
644 2897 661 2955 ὁ
674 2898 706 2955 δὲ
716 2893 897 2973 'Appeteres
912 2897 1008 2957 αὐτῶν
1024 2898 1236 2972 ἐμνημόνευσε,
1249 2898 1300 2960 καὶ
1311 2923 1345 2975 τη
1362 2903 1413 2959 τοῦ
1426 2920 1510 2978 xpeto

427 2999 556 3077 γραφίου
571 2997 660 3057 αὐτοῦ
675 2996 762 3072 ἱμάδι
776 2996 1057 3074 συμψηφησάμενος
1070 2998 1197 3073 risuum
1236 3000 1290 3060 De
1302 2998 1439 3062 Eusebio
1451 3004 1510 3059 ante

427 3100 597 3181 scripserat
613 3098 696 3159 idem
712 3097 868 3170 Aninuus,
884 3100 918 3159 ἓν
933 3102 973 3181 τῷ
992 3101 1066 3160 κατὰ
1086 3102 1200 3164 πλάτος
1220 3100 1274 3161 οὐκ
1292 3101 1408 3177 ἔθηκεν.
1450 3101 1510 3161 lam

427 3225 501 3264 reru
516 3202 606 3263 rideo
621 3201 721 3261 sirum
737 3200 775 3262 cl.
793 3200 925 3261 Hieron.
943 3199 993 3262 De
1010 3201 1109 3262 Prato
1124 3201 1156 3261 in
1171 3202 1304 3264 Dissert.
1322 3224 1417 3284 quam
1433 3220 1511 3283 supra

428 3284 679 3375 commemolaii,
712 3302 758 3363 Dc
793 3302 948 3363 Circnicis
978 3300 1085 3363 Libris
1118 3301 1244 3364 Duobus
1277 3302 1462 3376 Eusebiuuis,
1486 3323 1510 3384 p.

430 3425 500 3485 29¹·
543 3404 735 3487 Scaligerum
751 3405 1032 3486 reprehendentem
1048 3427 1085 3465 eo
1101 3405 1184 3488 quod
1201 3406 1361 3488 designari
1378 3407 1410 3468 iu
1425 3406 1508 3468 altero

430 3508 574 3570 Cluuium
598 3506 757 3567 Pusclolis
779 3507 847 3567 loeo
870 3507 1011 3567 Africani
1035 3529 1174 3568 cononem
1197 3509 1380 3580 crediderit,
1405 3530 1468 3570 eum
1486 3507 1510 3565 iu

427 3625 562 3693 utroque
579 3609 736 3670 Eusebius
757 3609 796 3669 de
817 3631 873 3669 suo
894 3608 991 3690 ipsius
1011 3631 1131 3670 canone
1153 3610 1322 3691 loquatur;
1346 3633 1402 3673 nee
1422 3611 1458 3672 de
1475 3607 1511 3670 al-

427 3712 526 3774 terius
541 3733 660 3772 cauoue
676 3733 731 3793 per
750 3733 850 3772 anuos
870 3733 1026 3792 expansos
1048 3711 1171 3794 digesto
1192 3712 1318 3795 uspiam
1339 3714 1512 3775 mentionem

428 3815 545 3875 laetam
561 3836 628 3874 esse
643 3813 697 3874 uit.
744 3813 859 3875 Censet
875 3812 925 3874 ille
941 3812 1083 3874 reculam
1101 3814 1186 3893 λέγει
1205 3822 1371 3876 auctorem
1391 3813 1513 3876 Cironici

428 3915 585 3977 Pesclalis
599 3915 750 3997 posuisse,
767 3926 802 3977 ut
819 3915 1011 3999 significaret
1029 3937 1062 3976 sc
1079 3914 1207 3976 Eusebii
1225 3915 1322 3978 verba
1342 3916 1512 3986 describere,

427 4040 501 4079 nam
525 4018 555 4078 iu
582 4018 724 4079 (ironico
746 4020 859 4079 Latino
882 4040 943 4079 nou
967 4017 1111 4091 habetur,
1134 4017 1218 4099 quod
1245 4017 1305 4099 ipsi
1330 4019 1512 4101 respondeat.

429 4120 510 4181 Haec
526 4118 576 4179 ille
599 4140 649 4200 pp.
670 4137 743 4199 291,
762 4138 832 4198 292.
881 4120 958 4197 Qure
981 4120 1006 4180 si
1028 4127 1223 4192 statuantur,
1241 4141 1330 4181 mera
1350 4119 1513 4197 ταυτολογίυ

428 4219 566 4281 Eusebio
587 4219 746 4281 tribuetur
765 4230 862 4301 atquc
882 4221 1081 4292 adnectetur,
1098 4221 1151 4303 qui
1174 4220 1319 4303 proxime
1340 4232 1417 4284 ante
1433 4220 1514 4301 scrip·

426 4339 521 4392 serat,
539 4322 585 4382 καὶ
603 4322 619 4381 ὁ
634 4321 774 4398 ἡμέτερος
789 4323 820 4381 δὲ
841 4323 936 4381 κανὼν
959 4321 1027 4404 [τὴν
1041 4320 1247 4405 Ὀλυμπιάδα]
1271 4325 1346 4383 κατὰ
1367 4323 1421 4384 τὸν
1440 4321 1515 4384 αὐτὸν

426 4421 461 4505 [J
464 4419 608 4502 catham]
626 4423 812 4498 παρίστησιν.
858 4422 1061 4505 Quapropter
1076 4422 1182 4484 omisit
1200 4421 1340 4505 Scaliger
1357 4423 1388 4485 iu
1408 4426 1514 4486 (lunone

428 4524 534 4585 Circo.
554 4520 688 4594 Eusebi,
710 4524 805 4583 rerba
827 4532 900 4604 post
923 4523 975 4585 illa
999 4526 1033 4585 ἓν
1047 4523 1245 4602 Ἱερουσαλὴμ
1267 4526 1385 4606 posita,
1403 4548 1440 4587 ea
1455 4543 1514 4585 vero

425 4625 563 4708 agnovit,
577 4632 613 4685 ut
630 4624 743 4695 vidisti,
764 4624 917 4685 Armenia
932 4624 1078 4686 Glrroniei
1096 4625 1266 4688 Eusebiarri
1285 4626 1514 4711 Interpretatio.

426 4728 543 4790 Confer
566 4737 598 4788 et
620 4727 738 4787 Clrrou.
761 4727 929 4798 Latinum;
953 4728 1037 4809 quod
1062 4729 1189 4810 perinde
1211 4737 1310 4811 atque
1326 4730 1514 4799 Armenium,

425 4852 496 4891 cum
514 4840 645 4890 auctore
669 4829 814 4891 convenit
839 4828 988 4891 Clueuici
1006 4830 1178 4892 Paschalis.
1224 4831 1312 4893 Satis
1335 4840 1426 4894 certa
1451 4851 1516 4913 ergo

425 4930 485 4993 huc
502 4954 599 5013 nsque
615 4932 750 4992 sortasse
770 4943 919 5013 posucrat
936 4932 1094 5015 Scaliger;
1118 4955 1188 4994 cum
1206 4955 1278 4995 vero
1298 4935 1437 4996 scribere
1457 4955 1516 5018 per·

423 5034 480 5115 git,
499 5045 517 5067 “
536 5033 720 5095 Africanum
738 5034 843 5115 primo
865 5034 915 5095 illa
935 5056 1084 5117 maguum
1106 5034 1290 5096 thesaurum
1312 5036 1424 5118 priscae
1448 5046 1517 5098 tem·

425 5142 572 5217 “porum
597 5143 629 5199 et
653 5136 854 5198 historiarum
879 5137 1049 5207 memorie,
1073 5137 1102 5198 in
1130 5145 1196 5200 tres
1222 5139 1321 5201 libros
1348 5141 1394 5202 sui
1422 5138 1516 5223 operis
