3917 6467
426 1074 469 1137 ιο
745 1070 995 1154 armatum
1021 1067 1199 1138 sncnm.

426 1251 603 1355 ρῆνενσάν
630 1286 680 1350 τε,
707 1257 765 1332 καὶ
795 1251 1014 1354 εἰρηνεύομεν
1043 1249 1135 1354 πρὸς
1166 1248 1365 1351 ἀλλήλους·
1410 1254 1470 1331 καὶ
1498 1248 1518 1349 ἡ

426 1388 602 1495 διαφωνία
619 1390 682 1487 τῆς
701 1389 875 1488 νηστείας,
893 1385 959 1488 τὴν
979 1384 1145 1486 ὁμόνοιαν
1162 1389 1227 1487 τῆς
1243 1384 1400 1472 πίστεως
1425 1387 1520 1466 σπινί-

426 1557 552 1622 στησι.
612 1539 726 1600 Attulit
749 1540 810 1600 hoeo
831 1540 975 1600 Eusebius
997 1539 1046 1600 lib.
1062 1559 1089 1598 v.
1114 1539 1197 1600 Hire.
1220 1559 1245 1600 e.
1262 1557 1311 1615 24.
1335 1549 1367 1598 et
1393 1539 1522 1618 proxima

507 1661 559 1718 sit:

427 1671 593 1831 ΙὪῗίοιίτοις
608 1764 656 1828 καὶ
671 1766 805 1846 ἱστορίαν
819 1766 1017 1847 προστίθησιν
1033 1765 1193 1852 (Irenans)
1208 1765 1247 1845 ἣν
1260 1766 1376 1833 οἰκείαις
1393 1763 1546 1847 resumi-5

428 1898 519 1954 σομαι
534 1880 639 1939 τοῦτον
654 1875 786 1959 ἔχουσαν
801 1873 854 1938 τὸν
869 1876 990 1956 τρόπον.

481 1988 548 2064 Ἐν
562 1985 613 2069 οἷς
624 1989 683 2065 καὶ
694 1990 727 2065 oi
739 1983 811 2087 πρὸ
825 1989 992 2089 Σωτῆρος
1001 1984 1241 2090 πρεσβύτεροι
1255 1993 1288 2067 οἱ
1302 1985 1526 2089 προστάντες

427 2124 490 2221 τῆς
508 2123 700 2222 ἐκκλησίας
718 2121 760 2222 ἧς
784 2119 834 2199 σύ
855 2128 917 2200 νῦν
935 2122 1072 2227 ἅφηγῇ,
1090 2122 1279 2222 Ἀνίκητον
1297 2121 1451 2225 λε’γομεν
1469 2128 1526 2235 καὶΙ

428 2259 531 2354 Πίον,
544 2253 691 2359 Ὓγῖνόν
708 2289 746 2335 τε
766 2258 823 2335 καὶ
837 2253 1076 2363 Τελεσφόρον
1089 2260 1148 2338 καὶ
1159 2257 1320 2356 Ξιίστον,
1333 2259 1415 2338 οὔτε
1428 2259 1527 2339 αὐτοὶ

427 2393 615 2497 ἐτήρησαν,
644 2394 726 2474 οὔτε
752 2399 825 2477 τοῖς
852 2394 926 2493 μετ’
956 2394 1074 2473 αὐτῶν
1101 2392 1306 2497 ἐπέτρεπον·
1339 2397 1397 2473 καὶ
1427 2391 1565 2472 nitiva

427 2527 578 2609 ἔλαττον
610 2529 710 2608 αὐτοὶ
736 2524 788 2628 μὴ
816 2535 1014 2630 τηροῦντες,
1045 2525 1221 2630 είρήνευον
1250 2533 1324 2611 τοῖς
1351 2525 1426 2607 ἀπὸ
1454 2533 1527 2606 τῶν

426 2670 620 2767 παροικιῶν
638 2665 676 2743 ἐν
701 2659 756 2745 αἶς
780 2664 934 2764 ἐτηρεῖτο
958 2660 1160 2766 ἐρχομένοις
1184 2659 1275 2766 πρὸς
1300 2659 1438 2746 αὐτούς.
1468 2661 1530 2742 καί

425 2832 482 2878 τοι
498 2805 643 2898 μᾶλλον
661 2797 818 2877 ἐναντίον
835 2795 880 2897 ἦν
898 2794 940 2876 τὸ
966 2803 1094 2900 τηρεῖν,
1112 2803 1185 2881 τοῖς
1211 2795 1260 2897 μὴ
1278 2804 1440 2900 τηροῦσι.
1469 2796 1528 2876 καὶ

427 2935 611 3016 οὐδέποτε
630 2931 748 3013 διὰτὸ
773 2928 864 3017 εἶδος
887 2941 993 3014 τοῦτο
1018 2930 1282 3034 ἀπεβλήθησαν
1305 2933 1407 3018 τινές·
1440 2932 1524 3012 ἀλλ’

428 3072 526 3150 αὐτοὶ
544 3068 594 3170 μὴ
620 3075 807 3172 τηροῦντες
826 3072 859 3147 οἱ
885 3064 957 3171 πρὸ
985 3075 1055 3146 σοῦ
1077 3066 1327 3170 πρεσβύτεροι,
1352 3073 1427 3149 τοῖς
1454 3062 1565 3150 &vrbo

427 3213 500 3287 τῶν
517 3212 710 3311 παροικιῶν
735 3211 906 3306 τηροῦσιν
930 3202 1089 3301 ἔπεμπον
1114 3203 1353 3306 εὐχαριστίαν.
1379 3205 1438 3283 καὶ
1462 3210 1526 3282 τοῦ

428 3341 601 3445 μακαρίον
634 3337 879 3444 Πολυκάρπον
913 3335 1199 3437 ἐπιδημήσαντος
1235 3342 1280 3442 τῇ
1312 3336 1437 3442 Ῥώμῃ
1469 3339 1526 3418 ἐπὶ

430 3474 629 3577 Ἀνικήτον·
657 3479 716 3556 καὶ
741 3479 823 3577 περὶ
846 3473 972 3553 ἄλλων
996 3477 1102 3550 τινῶν
1125 3469 1235 3574 ρακρὰ
1257 3467 1410 3575 σχόντες
1435 3471 1527 3575 πρὸς

428 3785 459 3825 se
480 3763 674 3829 retinuerunt,
697 3771 728 3820 et
751 3778 804 3817 nos
828 3758 951 3816 invicem
1002 3754 1037 3813 ad
1059 3774 1090 3814 se
1111 3756 1258 3815 venissent
1281 3776 1319 3816 ex
1342 3757 1471 3817 ecelesiis
1495 3759 1525 3817 in

428 3844 596 3903 retinemus.
632 3842 680 3901 Ita
699 3839 878 3918 jejuniorum
906 3836 951 3895 di.
1002 3835 1108 3912 quibus
1124 3836 1156 3894 id
1176 3837 1388 3897 observabatur.
1431 3839 1565 3918 Atquin

429 3925 549 3983 versitas
563 3922 779 3982 consensionem
793 3918 861 3979 fidei
872 3938 950 3976 eom·
1001 3916 1185 3975 observantia
1205 3917 1282 3976 inter
1303 3918 1420 3994 eosqui
1438 3920 1525 3980 mini·

428 4005 556 4064 mendas,
1001 4017 1048 4055 mo
1083 3997 1274 4058 observabant
1320 4007 1404 4057 tanto
1433 4003 1527 4080 magis

465 4083 652 4137 Narrationem
683 4078 778 4135 deinde
803 4077 951 4148 subjungit,
1002 4079 1145 4138 contraria
1171 4077 1333 4136 videbatur.
1381 4079 1448 4138 Nec
1472 4081 1527 4140 ulli

430 4176 510 4232 quam
525 4159 569 4214 hic
586 4166 735 4229 opportuna
749 4157 872 4210 interam·
903 4155 954 4210 Est
1002 4177 1131 4237 unquam
1149 4158 1187 4216 ob
1205 4157 1347 4234 ejusmodi
1366 4173 1526 4221 consuetu-

429 4243 519 4288 autem
530 4232 694 4304 hujusmodi.
1002 4237 1100 4298 dinem
1117 4238 1217 4315 rejecti
1235 4250 1314 4298 sunt.
1355 4238 1467 4298 Verum
1482 4241 1565 4314 iilia}

471 4311 530 4370 Sed
564 4322 595 4369 et
627 4310 787 4389 presbyteri
823 4307 868 4367 illi
901 4311 952 4387 qui
1002 4318 1058 4397 ipsi
1082 4318 1131 4396 qui
1159 4330 1189 4377 te
1213 4331 1422 4397 processerunt
1445 4341 1526 4399 pres·

430 4405 498 4452 ante
520 4391 662 4461 Soterem,
684 4389 832 4449 ecelesiam
853 4391 901 4449 eui
918 4402 952 4449 tu
1003 4398 1107 4478 hym,
1129 4399 1259 4476 quamvis
1280 4398 1311 4456 id
1330 4399 1451 4458 minime
1474 4403 1526 4461 ob.

430 4493 509 4531 nuno
528 4491 620 4550 proees
637 4471 853 4549 gubernarunt:
876 4471 951 4530 Ani·
1003 4489 1160 4545 servarent,
1190 4478 1374 4538 ecelesiarum
1406 4482 1527 4562 presby.

430 4564 528 4612 cetum
549 4551 614 4610 dico
635 4561 665 4610 et
690 4551 777 4610 Pium
801 4563 831 4610 et
856 4551 951 4631 Hygi·
1003 4559 1074 4617 teris
1095 4560 1146 4636 qui
1165 4559 1196 4617 id
1209 4559 1406 4627 observabant,
1421 4563 1528 4621 eucha-

430 4653 501 4690 num
515 4651 581 4691 cum
601 4632 778 4708 Telesphoro
796 4643 827 4690 et
846 4633 951 4712 xysto.
1003 4639 1113 4697 ristism
1135 4640 1366 4697 transmiserunt.
1402 4643 1442 4700 Et
1460 4662 1528 4701 cum
1537 4660 1565 4716 3(

430 4732 525 4790 nequa
560 4712 615 4791 ipsi
655 4731 783 4789 unquam
817 4714 952 4771 observa·
1003 4718 1185 4778 beatissimus
1208 4718 1387 4798 Polycarpus
1407 4722 1530 4782 Aniceti

431 4806 519 4851 runt:
541 4812 635 4869 neque
658 4793 702 4850 his
724 4791 859 4870 quicum
882 4795 953 4872 ipsis
1002 4800 1182 4877 temporibus
1225 4798 1348 4856 Romam
1391 4803 1530 4871 venisset,

431 4884 523 4940 erant,
539 4884 573 4931 ut
595 4872 626 4930 id
644 4873 828 4931 observarent
848 4875 953 4951 permi-
1004 4889 1091 4955 atque
1112 4879 1188 4938 inter
1208 4879 1274 4937 illos
1294 4878 1331 4937 de
1354 4881 1531 4958 quibusdam

431 4963 542 5013 serunt.
586 4953 646 5029 Ipsi
679 4962 775 5011 tamen
806 4973 871 5011 cum
899 4953 954 5013 hoe
1003 4957 1068 5016 aliis
1088 4959 1175 5017 rebus
1194 4959 1306 5016 modios
1321 4972 1398 5019 esset
1412 4975 1532 5021 oontro-

431 5033 550 5092 minima
569 5033 764 5101 observarent,
788 5053 887 5112 paoem
908 5035 953 5092 ni.
1004 5037 1106 5104 versia,
1116 5039 1214 5097 statim
1224 5048 1328 5097 mutuo
1340 5041 1418 5119 pacis
1428 5044 1531 5102 osculo
1541 5065 1558 5122 3

431 5111 589 5173 hilominus
609 5112 743 5172 colebant
759 5132 825 5172 aum
846 5115 882 5174 iis
902 5115 954 5191 qui
1004 5136 1036 5176 se
1049 5117 1191 5196 complexi
1206 5128 1294 5177 sunt:
1317 5119 1354 5180 de
1367 5120 1424 5182 boo
1433 5125 1533 5203 eapite
1561 5107 1565 5121 ⁴
