3917 6467
619 1074 670 1138 IN
692 1073 948 1140 OONOILIUM
972 1073 1296 1141 LUGDUNENSE.
1472 1078 1514 1144 73

415 1241 530 1309 Irenaei
545 1265 618 1330 ρος.
633 1263 707 1330 499.
722 1266 779 1310 neo
793 1267 858 1310 non
871 1247 905 1310 in
919 1245 984 1311 elie
1001 1245 1193 1312 collectione
1214 1245 1452 1312 Sententismm
1470 1270 1511 1313 ex

412 1345 569 1410 Pstnbus
590 1345 668 1412 θοὰ.
692 1366 762 1432 143.
783 1346 915 1412 Berooo.
935 1347 991 1412 fol.
1016 1365 1066 1430 17.
1087 1369 1161 1434 peg.
1186 1369 1213 1413 1.
1235 1355 1269 1414 et
1290 1348 1368 1415 cod.
1388 1347 1461 1433 238.
1477 1348 1511 1413 in

410 1443 615 1512 Bibliotheen
629 1449 778 1513 Caesnres
793 1448 1043 1514 vindobonensi.
1088 1449 1153 1514 Sed
1166 1448 1200 1513 in
1214 1450 1281 1515 solo
1298 1451 1442 1515 Maximo
1455 1453 1511 1516 ed-

410 1546 552 1632 ssriptus
574 1556 626 1614 est
647 1549 744 1628 loeus,
767 1571 880 1635 nempe
903 1553 936 1614 ἐκ
959 1553 1010 1630 τῆς
1031 1550 1104 1632 πρὸς
1129 1552 1262 1633 Βίκτιιρο
1285 1554 1456 1632 ἐπιστολῆς,
1476 1574 1511 1617 ιν

410 1649 613 1735 Epistoloed
632 1651 788 1717 Vectorem.
832 1652 972 1717 (inseres
986 1651 1030 1716 ed
1043 1653 1199 1716 Irmene
1212 1674 1286 1739 psg.
1299 1655 1375 1734 466.
1412 1655 1511 1739 Apud

411 1750 660 1832 Dsmnsoenum‚
681 1777 737 1820 sou
758 1754 886 1832 reotius,
902 1754 926 1817 J
927 1774 1063 1818 oannem
1083 1753 1291 1831 Monachum,
1305 1754 1350 1818 sio
1369 1755 1512 1819 variotur

410 1855 515 1935 ῥῆσιςε
538 1853 595 1919 Ἐν
619 1853 698 1940 ᾧᾶν
716 1881 761 1923 τις
782 1857 903 1920 δύναται
923 1856 957 1920 εὖ
972 1861 1071 1920 ποιεῖν
1092 1859 1132 1942 τῷ
1153 1857 1298 1934 πλησίον,
1310 1854 1348 1935 ἢν
1368 1855 1409 1935 μὴ
1430 1859 1509 1934 ποιῇ,

411 1955 576 2037 ἀλλότριος
598 1958 654 2020 διο.
677 1979 708 2042 p.
732 1957 807 2038 480.
833 1956 883 2021 ed.
904 1955 1056 2042 Lequien.
1081 1957 1138 2042 Op.
1159 1957 1510 2021 &nathanaetem

414 2055 453 2120 In
467 2056 508 2121 iis
521 2063 642 2137 nutem,
658 2081 729 2143 quae
748 2058 902 2144 praefntus
920 2066 970 2123 est
987 2058 1143 2123 Eusebius
1161 2058 1195 2122 in
1216 2058 1276 2123 hoo
1297 2057 1511 2144 fragmentum

414 2157 571 2243 Epistolae
589 2159 633 2224 ed
647 2160 822 2238 Victorem,
836 2160 976 2246 positum
991 2167 1040 2224 est
1063 2161 1161 2237 istud,
1174 2159 1510 2242 Ἀντιπαροιιελεύονπαι

414 2260 570 2346 (episcopi
595 2262 741 2346 Europe)
768 2265 805 2325 τὰ
829 2266 881 2341 τῆς
904 2260 1020 2343 εἰρήνης
1042 2262 1090 2325 καὶ
1112 2265 1163 2340 τῆς
1188 2261 1262 2342 πρὸς
1287 2261 1354 2328 τοὺς
1379 2259 1509 2339 πλήσων

414 2363 551 2431 svmens
565 2363 613 2426 καὶ
628 2364 745 2446 ἀγάπης
758 2369 896 2445 φρονεῖν.

456 2462 543 2546 Quin
556 2470 591 2528 et
602 2463 760 2530 Irenaeum
773 2468 809 2529 ἐν
822 2465 863 2551 τῷ
877 2467 945 2546 περὶ
959 2471 1013 2528 τοῦ
1026 2465 1132 2548 πάσχα
1145 2467 1228 2551 λόγῳ
1242 2464 1376 2529 adduxit
1386 2465 1512 2529 Auetor

416 2565 620 2645 mmmm
643 2576 672 2631 et
696 2568 840 2651 Respoes.
865 2566 911 2630 od
936 2565 1117 2631 Orthodesos
1144 2566 1229 2632 inter
1256 2567 1357 2652 Opere
1381 2566 1510 2643 Ιιιιτίιιὶ,

413 2669 535 2750 Qmst.
566 2683 637 2752 145.
664 2689 705 2732 ex
733 2690 796 2753 qus
823 2667 951 2754 quidem
980 2666 1146 2733 Irenaesne
1166 2668 1251 2750 ῥήσει
1279 2674 1406 2734 oonstet
1438 2691 1511 2733 oon-

414 2777 541 2835 suetum
563 2790 633 2834 esse
654 2770 696 2834 eb
718 2769 913 2855 Apostoliois
935 2790 1034 2855 usque
1059 2770 1265 2856 temporibus,
1289 2778 1326 2835 ut
1351 2791 1414 2834 non
1439 2771 1511 2836 flee-

414 2878 538 2936 teretur
550 2892 634 2956 genu
648 2870 682 2934 in
695 2870 901 2949 orationibus,
918 2893 1020 2955 neque
1034 2871 1086 2936 die
1100 2870 1276 2950 Dominioo,
1286 2892 1388 2956 neque
1401 2881 1510 2957 pente-

415 2981 512 3039 eoste.
549 2973 655 3056 Quum
669 2994 743 3038 vero
757 2973 844 3038 haud
858 2973 990 3058 liquent,
1005 2973 1207 3058 desumptum
1221 2972 1297 3036 illud
1313 2994 1381 3037 esse
1395 2995 1436 3038 ex
1449 2974 1510 3038 heo

417 3074 531 3139 Irenaei
545 3076 590 3140 sd
603 3074 769 3140 Victorem
783 3073 928 3160 epistole,
942 3096 1013 3158 quoe
1025 3073 1152 3138 nomine
1166 3073 1302 3138 fratrum
1314 3074 1426 3139 Gelliae
1436 3096 1510 3138 oon-

418 3176 535 3263 soriptn
551 3184 613 3254 est,
629 3198 702 3241 oum
722 3177 763 3240 ed
785 3176 873 3253 ulios,
894 3182 931 3239 ut
950 3175 1049 3239 refert
1067 3196 1164 3260 supro
1183 3174 1351 3253 Eusebius,
1368 3175 1408 3240 de
1427 3175 1510 3240 festo

419 3278 540 3361 pesebae
563 3277 706 3343 Irenaeus
724 3277 894 3363 scripserit,
910 3276 1128 3361 arripiendum
1146 3275 1234 3340 istud
1247 3282 1402 3360 tanquam
1417 3297 1509 3360 syno-
1578 3288 1587 3304 ⁴

425 3378 520 3445 dioum
544 3380 679 3467 aliquid,
704 3386 737 3444 et
762 3384 931 3465 propterea
955 3380 997 3443 nd
1025 3401 1093 3444 rem
1121 3399 1223 3442 meam
1249 3377 1420 3462 pertinens,
1445 3397 1509 3440 non

427 3481 533 3560 putavi.
