3917 6467
698 1160 1093 1249 MONITUM.
1199 1237 1207 1245 .

761 1419 1028 1457 ..4-

346 1567 433 1682 UT
461 1602 681 1694 Excerptum
709 1601 863 1673 Maximi
889 1604 1033 1673 nomine
1056 1602 1265 1695 inscriptum
1292 1601 1445 1671 vindica-

340 1726 438 1786 retur
454 1717 591 1787 auctori
615 1719 735 1789 saeculi
759 1719 915 1790 ecclesiae
939 1719 1094 1802 secundi,
1113 1742 1182 1788 non
1205 1718 1331 1809 quarti,
1350 1717 1446 1809 quod

339 1831 510 1902 docuerat
527 1832 672 1903 illustris
690 1833 856 1928 Huetius,
876 1834 986 1904 Gavio
1004 1834 1040 1903 in
1058 1834 1294 1926 superioribus
1309 1834 1445 1925 optimo

331 1946 416 2037 jure
432 1946 578 2040 placuit.
630 1947 711 2019 Hoc
729 1959 849 2020 autem
868 1949 973 2019 simul
995 1951 1203 2031 monuerim,
1221 1973 1291 2018 uon
1311 1971 1445 2031 omnes,

337 2063 400 2132 sed
437 2071 580 2132 tautum
619 2086 748 2155 paucas
783 2065 884 2134 istius
919 2062 1032 2158 longae
1066 2067 1187 2158 ῥήσεως
1223 2064 1258 2133 in
1300 2064 1444 2134 Eusebii

337 2174 610 2271 Proepurutione
642 2176 852 2275 Ecunpelica
887 2178 1010 2269 positae
1040 2178 1241 2270 particulas,
1272 2180 1444 2271 disperso·

337 2315 418 2362 mm
442 2301 551 2384 atque
574 2292 802 2384 disjectomm
830 2295 1070 2364 membrorum
1094 2296 1213 2377 instar,
1233 2296 1270 2363 in
1294 2293 1444 2392 Dialopo

337 2407 487 2501 Origeni
513 2407 600 2479 falso
625 2409 802 2502 adscripto
827 2411 1002 2501 conspici3
1032 2409 1148 2479 multo
1179 2419 1300 2482 autem
1326 2411 1445 2503 plures

338 2526 521 2616 portiones
537 2524 624 2615 ejus,
636 2525 674 2593 in
688 2524 726 2595 S.
740 2524 932 2607 Methodii,
946 2526 1006 2616 qui
1024 2527 1131 2595 tertio
1149 2527 1287 2619 scripsit
1305 2526 1443 2608 saeculo,

337 2662 510 2732 apparere
526 2638 770 2731 opusculoDe
785 2638 912 2710 Libero
931 2638 1104 2723 Arbitrio,
1123 2642 1223 2732 cujus
1245 2642 1445 2734 fragmenta

338 2755 474 2846 primus
490 2753 603 2823 edidit
622 2753 812 2837 Meursius,
829 2756 957 2825 deinde
975 2754 1219 2826 Combefisius.
1263 2756 1350 2839 Quae
1368 2757 1446 2848 qui-

339 2870 422 2940 dem
454 2868 663 2962 fragmenta,
694 2871 755 2940 sed
784 2870 830 2940 ab
861 2879 1069 2961 excerptore
1103 2872 1256 2961 quodam
1288 2872 1445 2942 breviata

338 2994 448 3077 atque
466 2993 614 3066 mutata,
632 2995 702 3054 una
718 3009 801 3056 oum
819 2984 896 3055 aliis
913 2986 1123 3078 quibusdam
1146 2988 1262 3080 ῥήσεσι
1285 2987 1443 3077 ejusdem

339 3100 455 3192 operis
491 3097 727 3181 Methodiani,
762 3097 986 3170 Bibliotheca
1019 3123 1089 3169 suae
1121 3099 1269 3168 Photius
1298 3101 1442 3172 interse-

338 3225 469 3286 ruerat.
522 3213 593 3284 Sed
612 3223 650 3284 et
667 3214 735 3285 alia
752 3215 866 3285 multa
882 3225 1009 3307 praeter
1027 3215 1269 3286 Eusebianum
1292 3216 1442 3287 Maximi

338 3343 549 3423 excerptum
577 3331 698 3400 insunt
724 3331 926 3401 communia
951 3328 1102 3426 Dialopo
1125 3331 1201 3421 jam
1230 3354 1444 3402 commemo-

337 3459 415 3518 rato
446 3468 529 3515 cum
559 3444 768 3529 Methodi03
804 3470 884 3537 quae
910 3447 1048 3515 etiamsi
1076 3443 1222 3540 Dialopi
1251 3454 1375 3516 auctor
1397 3470 1443 3518 ex

337 3562 530 3633 Methodio
543 3563 777 3654 desumpsisse
790 3570 985 3643 censeatur,
1000 3571 1121 3629 tamen
1135 3563 1195 3629 vix
1209 3561 1344 3644 dubito,
1358 3564 1443 3653 quin

335 3681 464 3772 partim
479 3677 524 3749 ad
538 3678 692 3747 eundem
712 3677 929 3757 Maximum,
944 3685 1112 3766 tanquam
1131 3677 1283 3766 primum
1301 3676 1443 3746 iliorum

335 3804 529 3874 auctorem,
556 3794 784 3885 pertinerent.
837 3793 929 3861 Cum
956 3813 1039 3860 vero
1067 3790 1222 3859 Maximi
1246 3814 1376 3861 nomen
1397 3816 1442 3862 ex

334 3933 433 3984 more
450 3910 544 4002 apud
565 3921 703 3979 veteres
720 3907 824 3978 solito
842 3908 1091 3999 supprimatur,
1108 3927 1223 3996 neque
1240 3904 1329 3976 alius
1348 3909 1442 3998 quis-
