3917 6467
701 1097 749 1161 IN
772 1097 995 1163 AFRICANI
1018 1098 1261 1164 OHRONIOA.
1467 1101 1533 1166 377

424 1247 542 1323 sebius,
557 1246 711 1312 disertam
726 1248 787 1313 hac
806 1249 896 1313 dere
911 1249 1105 1313 mentionem
1119 1249 1255 1313 faciente
1269 1249 1420 1312 Araneola
1437 1248 1528 1314 Clrro

424 1349 491 1412 ιιῖοί
511 1347 684 1412 Ειωοδίαιιῖ
704 1351 953 1434 [numanae
975 1350 1009 1413 in
1025 1349 1099 1414 Vol.
1116 1349 1143 1415 I.
1159 1374 1191 1435 p.
1208 1370 1281 1414 201.
1296 1352 1374 1414 edit.
1390 1352 1530 1415 Ancher.

424 1450 560 1534 aliisque
574 1450 660 1514 locis.
699 1452 846 1536 Denique
860 1451 969 1515 brevia
981 1451 1129 1535 quaedem
1143 1451 1183 1515 de
1196 1451 1334 1514 numeris
1345 1473 1382 1514 ac
1395 1452 1533 1535 periodis

425 1549 660 1635 AEgyptiorum
675 1559 709 1615 et
723 1552 945 1617 Chaldaeorum
965 1552 1248 1637 praestantissimus
1264 1552 1456 1615 Peersonius
1477 1575 1532 1616 an-

425 1650 554 1714 notavit
567 1652 610 1714 ud
624 1653 854 1736 Ecpeeilionem
869 1675 960 1716 suam
975 1652 1123 1735 Symbola
1141 1653 1244 1717 Artie.
1263 1655 1291 1716 I.
1308 1675 1338 1737 p.
1354 1674 1408 1737 59.

472 1752 511 1816 P.
529 1772 567 1831 24
570 1769 601 1837 5.
617 1753 637 1815 l.
655 1772 706 1817 20.
722 1756 750 1817 ol
764 1757 844 1835 παρὰ
856 1753 1009 1816 Πλότωνο
1024 1756 1111 1835 ἱερεῖς
1131 1756 1172 1820 εἰς
1186 1756 1314 1817 Σόλωνα
1330 1755 1402 1837 dre]
1426 1755 1533 1818 Locus

426 1863 479 1919 est
499 1854 532 1917 ln
551 1855 664 1918 Timaeu
678 1854 832 1918 Platonis.
875 1857 938 1931 Τῆς
957 1856 989 1916 δὲ
1011 1853 1116 1917 ἐνθάδε
1137 1853 1359 1932 διακοσμήσεως
1378 1858 1448 1934 παρ’
1463 1857 1533 1935 ἡμῖν

427 1956 486 2034 (de
496 1955 646 2039 AEgypto
657 1955 839 2019 sacerdotes
854 1955 922 2018 haec
938 1962 1072 2019 narrent
1085 1955 1277 2019 Atheniensi
1290 1954 1411 2036 Soloni)
1426 1957 1460 2019 ἐν
1471 1962 1533 2023 τοῖς

426 2060 519 2137 ἱεροῖς
533 2056 706 2137 γράμμασιν
721 2056 839 2124 ὀκτάκις
857 2060 965 2139 χιλίων
986 2059 1059 2120 ἐτῶν
1079 2057 1201 2138 ἀριθμὸς
1221 2057 1396 2138 γέγραπται,
1412 2058 1479 2137 περὶ
1500 2060 1532 2120 δὲ

424 2164 488 2221 τόν
503 2159 712 2239 ἓννσκισχιλῖα
727 2158 777 2235 ἔτη
793 2163 961 2239 γεγονότων
973 2164 1106 2221 πολιτῶν
1121 2184 1171 2221 σοι
1182 2160 1307 2236 δηλώσω
1322 2162 1371 2221 διδ
1380 2157 1532 2241 βραχέων,

427 2260 538 2337 νόμους
552 2283 595 2331 τε,
614 2260 735 2322 καὶτῶν
750 2260 846 2341 ἔργων
861 2259 960 2326 αὐτοῖς
975 2258 992 2322 δ
1013 2261 1178 2323 κάλλιπον
1198 2259 1342 2341 ἐπράχθη.
1368 2280 1398 2341 p.
1415 2277 1466 2341 23.
1483 2260 1531 2322 ed.

428 2360 475 2423 H.
492 2359 605 2443 Steph.
644 2361 697 2423 De
712 2369 834 2444 septem
846 2382 922 2424 vero
938 2367 971 2423 et
987 2360 1097 2423 decem
1111 2381 1268 2422 annorum
1281 2359 1419 2422 millibus
1434 2381 1533 2442 usque

426 2461 470 2524 ad
493 2459 641 2523 Amasim
663 2482 769 2545 regern
791 2468 865 2546 post
888 2460 1062 2524 Herculem
1084 2482 1182 2524 unum
1208 2461 1248 2524 de
1271 2459 1341 2523 Diis
1367 2459 1532 2523 duodecim

427 2583 575 2646 crepasse
588 2561 776 2645 AEgyptios,
791 2562 888 2627 relert
905 2562 1103 2638 Herodotus,
1117 2562 1152 2625 L
1169 2562 1201 2625 ii.
1220 2562 1305 2626 Hal.
1321 2585 1391 2647 cap.
1405 2584 1459 2648 43.

472 2664 512 2728 P.
533 2665 604 2741 246.
619 2662 639 2724 l.
659 2683 688 2725 1.
703 2665 734 2726 τί
746 2667 853 2727 δεῖκαὶ
867 2664 985 2748 λέγειν]
1005 2663 1201 2727 ¹particulam
1222 2667 1271 2728 καὶ
1290 2686 1330 2727 ex
1343 2665 1439 2728 MSto
1454 2667 1531 2747 Sya-

427 2765 496 2829 celli
510 2764 685 2828 Ροτῖοῖοιιςῖ
698 2764 817 2827 addidi.
848 2765 952 2849 Supra
967 2763 1108 2850 Scaliger
1122 2765 1221 2829 habet
1235 2767 1283 2829 καὶ
1297 2767 1350 2829 τὸν
1364 2787 1422 2851 pro
1436 2764 1454 2844 ἢ
1470 2768 1531 2829 τόν.

429 2866 479 2930 De
495 2865 615 2949 reipsa
628 2864 682 2928 edi
698 2864 860 2929 Ciceronis
879 2865 949 2929 Lib.
966 2866 994 2929 I.
1012 2867 1063 2930 De
1078 2867 1222 2931 Diciucl.
1240 2890 1268 2931 c.
1290 2888 1335 2951 19.
1352 2878 1450 2953 utque
1464 2870 1533 2932 Da·

428 2967 541 3031 cisium
557 2966 598 3029 ad
613 2965 672 3029 loc.

471 3068 557 3132 Ibid.
572 3068 606 3131 τὸ
629 3068 776 3132 ἂνέκοθεν
797 3070 965 3149 γεγονότες,
989 3068 1047 3130 ἀπὸ
1062 3068 1203 3148 Ἀβραὰμ
1224 3070 1399 3157 ἂρξόμενοι]
1422 3070 1533 3134 Habet

429 3173 557 3234 (icarus
578 3170 620 3232 ud
641 3190 740 3253 mary.
761 3170 817 3233 sed
839 3168 943 3231 minus
965 3168 1055 3245 bene,
1076 3172 1235 3250 γεγονότες
1257 3171 1315 3233 ἀπὸ
1329 3169 1482 3251 Ἀβραὰμ,
1498 3173 1532 3233 τὸ

429 3273 577 3334 ἀνέκαθεν
591 3270 759 3348 ἂρξόμενοι.

472 3372 557 3435 Ibid.
573 3371 594 3433 l.
609 3392 641 3455 3.
656 3375 731 3450 μετὰ
745 3377 797 3434 τοῦ
812 3370 954 3452 όληθοῦς]
973 3369 1111 3454 Legend.
1129 3370 1252 3453 opinor.
1269 3374 1342 3434 κατὰ
1356 3375 1408 3433 τοῦ
1422 3372 1473 3433 ἀλ.

473 3472 558 3536 Ibid.
580 3472 601 3535 l.
625 3473 655 3534 8.
680 3472 936 3553 παραδεδώκασιν]
963 3470 1115 3554 Sequitur
1136 3471 1221 3554 apud
1243 3471 1417 3553 Sacellum
1437 3472 1533 3534 later·

430 3574 546 3637 culum'
561 3574 670 3636 decem
696 3593 806 3655 regum
829 3570 1062 3647 Ohaldaeorum,
1077 3572 1162 3654 quod
1190 3571 1317 3655 quidem
1342 3572 1373 3633 in
1389 3572 1534 3635 Africani

433 3676 591 3740 Οδτοιιὶσίι
611 3673 686 3736 olim
708 3673 853 3737 extitisse
875 3672 933 3735 viri
954 3673 1041 3735 docti
1064 3672 1193 3755 quidam
1215 3673 1404 3757 opinantur3
1431 3695 1532 3757 neque

430 3798 505 3842 vero
525 3776 558 3839 id
579 3796 637 3859 pro
657 3783 745 3837 certo
763 3774 968 3838 statuendum
984 3795 1053 3836 osse
1068 3772 1203 3849 videtur,
1219 3796 1291 3836 cum
1305 3773 1447 3858 potuerit
1467 3774 1534 3857 ipse

430 3877 599 3951 Eusebius,
615 3876 647 3938 in
671 3874 761 3959 cujus
784 3875 940 3937 Chronica
961 3874 1046 3937 idem
1070 3874 1179 3937 existit
1194 3873 1242 3937 vel
1266 3897 1305 3936 ex
1324 3873 1532 3957 Apollodoro,

430 3981 478 4044 vel
493 3978 633 4054 aliunde,
649 3977 725 4040 illud
743 3978 937 4061 depromere.
983 3976 1076 4039 Oons.
1098 3975 1205 4038 θόρον.
1224 3974 1292 4059 ejus
1308 3975 1378 4039 Lib.
1397 3975 1536 4058 priorem

430 4103 498 4166 oep.
519 4100 547 4142 1.
566 4100 637 4164 pag.
653 4099 683 4162 5.
700 4078 775 4142 edit.
794 4077 933 4141 Maiunae
948 4076 997 4140 ed.
1014 4076 1106 4138 Rom.
1128 4076 1218 4159 1833.

950 4443 1016 4506 XI.

478 4594 561 4657 lbid.
581 4593 602 4657 l.
627 4610 674 4675 17.
697 4592 868 4655 Drussnn
892 4591 1076 4673 AEcrnurs]
1104 4590 1215 4675 Magni
1244 4590 1399 4653 hebendae
1430 4597 1536 4653 essent

430 4715 541 4779 regum
564 4692 791 4778 AEgyptiorum
813 4691 989 4775 Dyuastiae‚
1013 4713 1084 4774 quae
1106 4713 1146 4754 ex
1170 4690 1304 4754 historia
1327 4690 1534 4754 Manethonis

430 4794 606 4859 sacerdotis
636 4792 782 4878 AEgyptii
813 4793 855 4856 ab
882 4792 1036 4855 Africano
1067 4791 1268 4876 Eusebicque
1294 4791 1368 4853 olim
1395 4790 1536 4854 collecta·

430 4904 516 4971 sunt,
527 4895 704 4985 praesertim
719 4894 745 4957 si
758 4900 816 4956 aut
831 4900 927 4957 certae
942 4893 1016 4956 fidei
1032 4893 1101 4956 illas
1113 4913 1182 4957 esse
1193 4892 1333 4955 sinerent
1346 4898 1536 4974 argumenta

430 4995 593 5061 centraria
608 5017 648 5059 ex
663 4994 740 5079 ipsis
755 4993 920 5077 Dynastiis
935 4995 1085 5078 petenda,
1095 5003 1152 5058 aut
1164 4994 1243 5057 satis
1254 4993 1323 5056 sani
1335 4999 1537 5075 superessent

429 5096 555 5161 numeri
574 5117 646 5158 cum
661 5095 693 5158 in
713 5093 907 5177 singulorum
927 5115 1037 5177 regum
1058 5093 1161 5169 annis,
1177 5103 1246 5157 tum
1267 5093 1300 5156 iu
1321 5090 1450 5155 summis
1471 5111 1536 5152 om·

474 5219 542 5260 vor..
559 5218 593 5258 ιι.
970 5213 1022 5276 30
