3917 6467
525 1054 569 1113 82
959 1052 1206 1115 MAXIMUS.
1296 1087 1299 1092 ·

526 1234 650 1294 contra
667 1226 855 1317 putaverit,
875 1227 1073 1319 fragmenta
1093 1227 1207 1317 operis
1225 1223 1300 1318 περὶ
1317 1219 1548 1314 αὖτεξουσίου,
1566 1224 1636 1290 sire

525 1338 760 1411 beatoiob
778 1338 913 1422 Libero,
932 1341 998 1410 sub
1017 1340 1196 1409 Methodii
1217 1338 1359 1408 nomine
1376 1360 1397 1406 a
1415 1334 1584 1406 Meursio
1600 1345 1634 1406 et

526 1454 740 1526 combefisio
766 1456 872 1536 edita,
899 1457 1002 1526 simul
1030 1479 1111 1524 cum
1140 1455 1326 1545 Excerptis
1351 1453 1473 1544 ejusa
1503 1451 1632 1522 Photio

526 1568 678 1640 inventis
696 1570 767 1658 (cui
792 1573 934 1662 quidem
962 1572 1085 1640 critico
1108 1569 1257 1639 aliorum
1284 1589 1425 1659 quoque
1451 1566 1630 1638 Methodii

525 1707 673 1776 operum
686 1688 893 1778 compendia
907 1686 1126 1777 obtigerunt)
1141 1681 1404 1776 ψευδεπίγραφα
1423 1704 1515 1764 esse,
1524 1690 1628 1773 atquo

525 1800 570 1869 ad
604 1800 863 1870 Maximianum
898 1803 1017 1869 omnia
1049 1801 1223 1891 pertinere
1254 1821 1362 1890 opus;
1396 1797 1519 1867 obstet
1550 1797 1628 1867 huic

525 1915 680 2005 opinioni
704 1939 774 1984 nou
793 1925 932 1985 tantum
952 1913 1191 2006 Hieronymus
1214 1916 1251 1983 in
1271 1911 1444 2005 Catalogo
1468 1911 1626 1982 libellum

525 2029 567 2099 de
594 2028 699 2101 libero
725 2029 871 2100 arbitrio
896 2031 1085 2121 Methodio
1111 2029 1322 2110 adscribens,
1347 2028 1409 2097 sed
1437 2029 1550 2098 etiam
1578 2027 1625 2095 ni·

526 2145 621 2214 tidns
648 2146 722 2234 ejus
749 2147 1034 2236 compositusque
1056 2167 1171 2215 sermo
1192 2144 1238 2213 ab
1260 2145 1385 2212 eodem
1408 2141 1624 2234 Hieronymo

525 2273 832 2342 commemoratus,
860 2262 919 2352 qui
947 2284 1028 2330 cum
1057 2263 1147 2328 inest
1173 2259 1299 2328 ceteris
1322 2256 1503 2327 Methodii
1528 2278 1624 2349 opus·

525 2376 624 2457 culis,
654 2386 730 2445 tum
757 2377 912 2445 maxime
938 2377 973 2445 iu
1001 2375 1122 2444 limine
1145 2375 1423 2467 fragmentorum
1450 2372 1528 2466 περὶ
1554 2372 1623 2441 ar’rr·

524 2488 672 2581 εξουσίου
688 2493 897 2582 conspicuus
915 2499 978 2559 est.

575 2607 647 2676 Sed
665 2606 742 2677 haec
766 2607 946 2677 hactenus.
1000 2605 1118 2697 Hujus
1143 2605 1310 2697 Excerpti
1335 2611 1528 2673 contextus
1545 2626 1623 2694 qua·

524 2731 605 2791 tuor
622 2724 666 2792 de
689 2722 845 2792 fontibus
871 2724 1045 2815 praecipue
1070 2731 1168 2791 ortus
1185 2730 1250 2803 est,
1269 2719 1416 2790 Eusebii
1437 2704 1638 2812 Prospero-'¹

524 2838 616 2906 tione
633 2835 850 2932 Enarrpelicc,
868 2834 1065 2906 Philocolio
1082 2835 1256 2927 origenis,
1270 2833 1521 2924 Methodiique
1533 2829 1623 2903 Reli·

525 2950 628 3042 quita,
644 2959 681 3019 et
698 2947 852 3045 Dioloqo
866 2950 1011 3042 Origeni
1029 2949 1206 3038 adscripto
1224 2943 1622 3022 contradicebam

523 3088 672 3156 quorum
700 3065 868 3134 librorum
893 3073 1031 3134 tautum
1057 3065 1127 3134 duo
1151 3064 1292 3154 priores,
1309 3058 1454 3131 Eusebii
1480 3058 1624 3155 Proepo·

522 3182 614 3251 raho
642 3192 680 3250 et
709 3178 916 3261 Ph-iiocolia
944 3190 1058 3249 totam
1088 3181 1213 3248 seriem
1246 3178 1415 3246 sermonis
1444 3186 1624 3268 praestaut

523 3298 583 3366 Ad
610 3297 801 3366 Eusebium
830 3297 923 3386 quod
948 3297 1089 3376 attinet,
1109 3303 1235 3385 prater
1258 3293 1536 3385 Stephanionem
1556 3294 1628 3363 edi·

523 3414 655 3481 tionem
682 3435 774 3481 anno
797 3434 879 3499 1544
904 3410 996 3502 typis
1021 3411 1236 3501 impressam,
1262 3418 1369 3499 atque
1393 3407 1629 3500 Vigerianam

522 3527 619 3595 illam
638 3528 719 3595 anni
742 3534 835 3608 1628,
854 3550 963 3595 unum
982 3526 1125 3594 adhibui
1145 3526 1303 3594 codicem
1318 3523 1500 3614 scriptum,
1512 3525 1574 3614 qui
1592 3526 1631 3593 in

521 3641 737 3711 bibliotheca
755 3641 901 3733 Collegii
922 3641 957 3709 S.
968 3640 1072 3708 Joau.
1091 3639 1260 3729 baptistas
1282 3648 1451 3721 servatur,
1469 3638 1633 3710 melioris

521 3768 614 3825 uotae
632 3756 771 3836 librum,
785 3758 844 3825 sed
865 3779 946 3824 vero
965 3755 1058 3824 haud
1074 3755 1174 3824 valde
1188 3756 1384 3845 antiquum.
1419 3749 1633 3825 Philocolioe

520 3881 652 3950 autem,
679 3874 714 3941 iu
742 3895 848 3962 quam
875 3896 921 3940 ex
948 3871 1103 3941 Eusebio
1128 3873 1220 3964 ῥῆσις
1248 3870 1434 3961 desumpta
1461 3880 1528 3951 est,
1556 3879 1630 3942 tres

522 3987 631 4057 MSS.
652 3989 689 4055 in
713 3987 885 4057 auxilium
911 4010 1034 4057 vocare
1058 3986 1167 4064 licuit,
1186 4010 1334 4078 quorum
1358 3985 1460 4076 primi
1486 3987 1629 4077 copiam

521 4102 607 4170 mihi
623 4103 783 4171 fecerunt
798 4112 915 4171 custos
933 4112 970 4170 et
989 4103 1074 4179 socii
1085 4099 1233 4192 Collegii
1250 4099 1356 4180 Novi,
1370 4099 1463 4189 quod
1477 4101 1628 4190 quidem

520 4216 703 4307 exemplar
741 4217 1016 4308 pulcherrimum
1055 4216 1133 4286 Poli
1174 4213 1368 4285 Cardinalis
1408 4213 1492 4283 olim
1532 4214 1628 4298 fuit;

519 4331 670 4400 alterum
688 4342 809 4401 autern
833 4331 1049 4402 bibliotheca
1072 4341 1172 4400 tenet
1196 4330 1369 4421 splendidi
1388 4328 1538 4421 Collegii
1558 4329 1625 4400 SS.

518 4446 700 4514 Trinitatis
730 4447 974 4538 cantabrigiae,
1003 4447 1102 4538 cujus
1132 4446 1301 4515 lectiones
1331 4444 1570 4535 discrepantes
1604 4468 1626 4515 a

518 4558 715 4630 Plrilocclio
736 4562 863 4644 Termi,
885 4564 944 4653 qui
973 4565 1106 4653 primus
1128 4561 1255 4630 Graeca
1277 4561 1389 4629 edidit
1414 4582 1508 4628 anno
1529 4567 1624 4650 1619,

518 4676 603 4745 mihi
642 4677 723 4745 inde
759 4677 1010 4746 humanissime
1049 4677 1261 4745 transmissae
1298 4685 1391 4756 sunt,
1431 4698 1506 4743 rem
1544 4699 1625 4767 pro-

517 4801 664 4860 curante
693 4793 767 4861 viro
796 4792 1017 4862 ornatissimo
1045 4790 1182 4859 Thema
1206 4791 1327 4872 Jonas,
1354 4789 1389 4858 S.
1405 4789 1446 4857 T.
1461 4789 1505 4861 Β.
1532 4793 1625 4883 ejus·

517 4906 608 4988 dem,
636 4906 720 4975 dum
749 4910 893 4989 viveret,
921 4908 1060 4999 collegii
1088 4908 1191 4975 socio.
1245 4905 1368 4974 Codex
1393 4905 1478 4973 olim
1505 4906 1624 4977 claris·

515 5021 594 5089 simi
619 5020 722 5091 Galei
749 5023 838 5104 fuit3
874 5032 1085 5092 attestatur
1110 5020 1239 5091 Gavius
1265 5021 1407 5111 quidem
1430 5018 1530 5092 Hist.
1549 5020 1621 5093 Lir.

516 5134 586 5203 vol.
616 5135 645 5203 I.
681 5135 749 5206 Tit.
793 5135 969 5233 Oripcoes,
1004 5134 1235 5206 Philocoliom
1276 5135 1400 5206 Graece
1436 5134 1519 5207 MS.
1558 5137 1621 5207 ha-
