3917 6467
429 1122 493 1185 478
796 1110 1150 1175 ANNOTATIONES

429 1294 537 1348 temen
552 1283 603 1345 hio
617 1281 705 1344 locus
724 1281 765 1343 sd
781 1279 906 1363 Olymp.
922 1301 1002 1340 cern.
1018 1301 1071 1342 an.
1090 1299 1116 1340 1.
1132 1278 1259 1364 positus
1279 1285 1340 1342 est
1385 1278 1518 1343 Conveni·

429 1384 533 1448 entius
548 1404 619 1446 oum
629 1381 745 1445 Chron.
758 1379 829 1442 Lot.
842 1381 889 1443 nit
898 1380 922 1441 J
924 1401 1044 1442 oannes
1059 1379 1259 1463 Philoponus
1272 1379 1326 1442 Do
1337 1377 1450 1442 Mundi
1461 1379 1520 1440 Ore

428 1487 528 1549 atione
545 1485 593 1547 11.
612 1502 661 1545 21.
677 1504 760 1546 enno
781 1482 900 1565 imperii
919 1481 1038 1544 Tiberii
1054 1481 1179 1545 decimo
1193 1502 1292 1557 nono,
1314 1486 1417 1564 atqne'
1428 1480 1519 1563 Olym-

429 1588 532 1672 piadis
553 1609 618 1648 ocu.
640 1607 724 1649 anno
746 1584 803 1647 ult.
825 1583 965 1648 evenisse
983 1582 1106 1648 Christi
1126 1583 1396 1661 crucifixionem.)
1419 1586 1520 1660 τῆςΤι-

428 1691 533 1767 βερίου
557 1688 725 1765 βασιλείας.
751 1687 813 1748 καθ’
830 1684 866 1747 δν
887 1683 992 1764 καιρὸν
1014 1685 1063 1749 καί
1085 1687 1118 1748 έν
1141 1686 1252 1751 ἄλλοις
1276 1681 1523 1762 μὲνἘλληνιεοῖς

429 1789 636 1867 ὑπομνήμασιν
652 1791 775 1867 εὕρομεν
790 1788 986 1865 ἱστορούμενα
1008 1790 1081 1849 κατδ
1102 1785 1188 1863 λέξιν
1207 1789 1313 1847 ταῦτα.
1364 1791 1384 1818 “
1397 1781 1436 1847 ‘0
1453 1785 1524 1860 ἥλιος

431 1899 452 1928 “
469 1892 616 1967 έξέλιπεν,
633 1891 755 1951 Βιθυνία
769 1890 901 1965 ἐσείσθη.
947 1889 1073 1953 Νικαίας
1087 1890 1124 1949 rin
1138 1888 1244 1949 πολλὰ
1265 1883 1408 1947 έπεσεν.”
1450 1884 1525 1946 διαὶ

430 1989 553 2073 συνᾴδει
576 1996 639 2055 τοῖς
664 1990 732 2069 περὶ
760 1990 794 2051 τὸ
824 1990 918 2056 πάθος
943 1995 997 2052 τοῦ
1021 1994 1157 2070 Σωτῆρας
1182 1990 1268 2068 ἡμῶν
1296 1989 1523 2067 συμβεβηκότα.

430 2092 542 2172 γράφει
556 2094 588 2154 δὲ
608 2093 655 2154 καὶ
676 2091 806 2172 Φλέγων
826 2094 842 2153 δ
863 2096 917 2157 τὰς
930 2089 1135 2171 Ὀλυμπιάδας
1139 2138 1264 2154 .........
1289 2088 1471 2169 (lecum
1487 2087 1524 2150 sio

430 2192 556 2275 supplet
574 2191 682 2253 Chion.
695 2193 885 2269 Armenium,
904 2193 964 2271 ραι
978 2193 1016 2256 de
1034 2188 1270 2276 Olympiadibus
1281 2188 1460 2273 varlasxit
1465 2188 1524 2270 jan

430 2293 503 2356 inde
519 2315 554 2355 ατ
561 2292 746 2376 primitie,
762 2295 850 2356 tertio
867 2294 980 2358 ιίωίυιο
998 2293 1104 2378 (lilio)
1122 2293 1186 2356 δσσ
1204 2293 1371 2376 namne.)
1391 2291 1458 2370 περὶ
1476 2295 1525 2351 τᾶν

431 2394 527 2457 αὐτῶν
553 2396 586 2456 έν
608 2397 648 2478 τῷ
672 2391 721 2474 ιγ’.
743 2394 874 2474 ῥήμασιν
900 2396 1000 2462 αὐτοῖς
1020 2396 1099 2459 τάδε.
1144 2403 1166 2432 “
1180 2398 1232 2478 Τῷ
1255 2392 1291 2456 δ’.
1315 2394 1380 2456 ἔτει
1400 2396 1450 2469 τῆς
1471 2388 1523 2468 σβ.

432 2506 452 2531 “
466 2495 670 2574 Ὀλυμπιάδος
692 2497 813 2577 έγένετο
839 2497 976 2578 ἔκλειψις
997 2499 1083 2577 ἡλίου
1103 2498 1230 2577 μεγίστη
1253 2502 1314 2558 τῶν
1339 2492 1524 2576 ἐγνωσμένων

430 2607 451 2634 “
470 2601 623 2677 πρότερον·
641 2600 689 2661 καὶ
701 2596 756 2675 νὺξ
771 2600 832 2681 ὥρα
847 2600 916 2677 ἕκτῃ
931 2603 982 2676 τῆς
996 2599 1104 2678 ἡμέρας
1116 2599 1247 2679 έγένετο,
1259 2598 1340 2660 ὥστε
1353 2597 1402 2659 καὶ
1414 2594 1524 2673 ἀστέρας

432 2709 450 2736 “
468 2703 502 2761 έν
517 2700 632 2783 οὐρανῷ
648 2704 789 2780 φανῆναι.
813 2702 936 2778 σεισμός
956 2726 988 2764 τε
1007 2701 1101 2781 μέγας
1122 2703 1195 2762 κατὰ
1211 2701 1357 2762 Βιθυνίαν
1378 2699 1524 2778 γενόμενος

432 2812 451 2837 “
468 2806 504 2864 τὰ
526 2806 630 2864 πολλὰ
645 2805 772 2868 Νικαίας
797 2803 1056 2884 κατεστρέψατο.”
1100 2804 1147 2866 καί
1165 2807 1259 2864 ταῦτα
1277 2803 1336 2880 μὲν
1357 2803 1374 2862 ὁ
1396 2798 1523 2876 δολωθεὶς

431 2904 515 2981 ἀνήρ·
540 2903 695 2983 τεκμήριον
715 2904 741 2966 δ’
756 2904 793 2967 δν
816 2903 935 2985 γένοιτο
953 2909 1006 2967 τοῦ
1026 2907 1099 2967 κατὰ
1118 2905 1186 2966 τόδε
1206 2902 1240 2964 τὸ
1263 2903 1332 2984 έτος
1354 2899 1523 2966 πεπονθέναι

431 3005 484 3066 τὸν
507 3008 629 3085 Σωτῆρα
654 3006 672 3083 ἡ
698 3012 750 3068 τοῦ
778 3008 886 3086 Κυρίου
914 3006 1053 3087 (dolend.
1081 3006 1201 3085 Κυρίου)
1230 3006 1306 3066 κατὰ
1321 3001 1463 3079 Ἰωάννην
1484 3001 1521 3063 oi·

432 3107 577 3186 αγγελίου
591 3108 745 3185 μαρτυρία,
762 3109 825 3184 ἥτις
842 3110 917 3185 μετὰ
937 3109 971 3170 τὸ
993 3107 1038 3171 ιε’.
1063 3109 1128 3173 έτος
1141 3108 1285 3186 Τιβερίου
1305 3109 1406 3185 τριετῆ
1424 3105 1522 3185 χρόνον

431 3210 481 3282 τῆς
496 3208 691 3272 διδασκαλίας
705 3207 795 3270 αὐτοῦ
810 3208 1002 3289 διαγένεσθαι
1016 3213 1162 3289 μαρτυρεῖ.
1205 3207 1255 3269 De
1270 3205 1333 3268 hoo
1350 3201 1522 3288 Phlegontis

430 3309 517 3389 ῥήσει
533 3310 564 3371 id
580 3309 749 3371 dicendum
764 3310 835 3383 erit,
849 3311 933 3393 quod
949 3334 1033 3395 saepc
1045 3313 1112 3393 jam
1127 3311 1168 3372 ab
1183 3308 1254 3371 aliis
1270 3309 1403 3384 dictum,
1416 3307 1521 3370 nihilin

432 3410 610 3494 Phlegonte
640 3412 899 3493 repraesentando
930 3413 969 3474 de
992 3412 1162 3496 plenilunio
1192 3410 1241 3472 hic
1275 3410 1440 3493 scripsisse
1467 3409 1521 3470 Eu·

430 3512 571 3585 sebium3
594 3512 689 3573 immo
711 3510 815 3594 palam
837 3534 906 3574 esse
926 3513 1003 3574 nihil
1024 3510 1202 3595 hujusmodi
1225 3533 1244 3572 n
1262 3509 1451 3593 Phlegontc,
1465 3508 1521 3591 qui,

430 3614 550 3697 opinor,
567 3612 696 3696 eclipsin
714 3635 820 3675 veram
836 3636 904 3676 esse
920 3614 1065 3688 credidit,
1078 3635 1187 3695 reapse
1203 3612 1300 3673 luisse
1311 3621 1521 3674 memoratum.

430 3715 612 3794 Quinetiam
628 3722 744 3777 testem
760 3715 857 3776 alium
873 3715 1049 3777 omissionis
1059 3714 1226 3799 pharion-ii
1245 3712 1347 3775 hebes
1364 3714 1520 3796 Origencm

429 3818 461 3879 in
490 3819 628 3879 Tractat.
653 3817 720 3900 ejus
742 3835 795 3900 35.
821 3818 854 3878 in
877 3817 1071 3888 licilianum,
1093 3816 1146 3877 ubi
1171 3815 1368 3877 inducuntur
1390 3815 1522 3876 infideles

429 3918 557 4001 quidam
573 3928 686 3980 contra
701 3917 850 3980 tenebras
867 3919 936 3980 illos
952 3918 1093 4002 potiente
1106 3916 1237 3979 Christo
1251 3915 1407 3978 divinitus
1422 3914 1524 3976 missas

428 4020 513 4082 inter
535 4020 598 4082 olio
621 4019 707 4081 istud
732 4019 932 4102 objicientes:
958 4021 1003 4082 Et
1019 4020 1152 4103 Pio-aon
1173 4018 1293 4103 quidem
1317 4016 1353 4078 in
1376 4016 1526 4080 Cironiois

427 4122 490 4184 suis
511 4121 640 4203 scripsit,
657 4121 691 4182 in
708 4122 891 4204 principato
915 4121 1034 4185 Tiberii
1050 4122 1184 4185 Caesaris
1195 4121 1320 4201 sactum
1346 4120 1402 4196 (de
1426 4116 1524 4201 eclipsi

429 4224 564 4301 dicunt),
580 4223 634 4284 sed
647 4245 705 4284 non
725 4225 910 4306 sipnificcoit
929 4225 963 4285 in
983 4225 1058 4286 lietzo
1070 4224 1164 4307 plena
1185 4223 1237 4284 loo
1251 4222 1388 4302 factem.
1413 4243 1442 4303 p.
1459 4237 1524 4302 923.

428 4325 477 4387 ed.
496 4324 690 4385 Benedictin.
737 4325 815 4386 Oum
832 4347 905 4387 vero
921 4347 971 4387 res
987 4326 1033 4388 ita
1048 4347 1081 4388 se
1096 4326 1223 4398 habeat,
1240 4324 1326 4385 hand
1343 4323 1424 4385 satis
1442 4343 1525 4384 accu-

428 4432 498 4487 reto
523 4425 648 4507 quidem
673 4425 834 4507 scripsisse
854 4425 981 4487 videtur
1002 4426 1180 4500 Africanus,
1197 4426 1253 4487 scd
1269 4425 1367 4487 verba
1392 4447 1449 4486 sua
1471 4422 1526 4484 illis

429 4527 632 4610 Phlegontcis
648 4526 818 4589 miscuisse.
867 4527 921 4587 Sin
936 4533 1045 4589 autem
1060 4526 1134 4589 lieet
1149 4527 1224 4587 mihi
1241 4548 1312 4610 quae
1328 4527 1433 4588 sentio
1454 4546 1522 4608 pro·

427 4631 517 4705 ferro,
542 4629 686 4702 dixerim,
712 4650 775 4690 non
799 4636 924 4691 tantum
948 4629 1041 4691 lanne
1065 4628 1219 4701 Africani,
1243 4627 1299 4689 sed
1326 4627 1426 4689 ctiam
1452 4626 1525 4688 scri-

427 4731 505 4794 tatis
530 4730 688 4803 eruendae,
706 4752 810 4805 causa,
832 4737 935 4792 totum
959 4730 1046 4793 istud
1071 4730 1111 4792 de
1134 4728 1323 4810 Phlegontis
1347 4728 1526 4792 testimonio

426 4833 679 4895 additamentum
695 4855 762 4895 esso
781 4854 800 4894 a
818 4833 955 4916 Georgio
972 4831 1128 4916 Synce110‚
1144 4843 1201 4893 aut
1221 4832 1263 4892 ab
1284 4831 1347 4892 alio
1369 4830 1526 4914 quopiam,

427 4934 570 4996 Africani
586 4934 689 4996 verbis
709 4933 841 5009 illatum,
859 4935 975 5018 quippe
996 4935 1081 5019 qnod
1102 4933 1278 4996 orationem
1300 4932 1527 5014 intermmpcne

426 5035 560 5109 videtur,
574 5045 631 5098 aut
646 5035 758 5097 saltem
775 5036 841 5098 sine
857 5036 1022 5119 dispondio
1039 5036 1150 5098 sensirs
1165 5035 1277 5097 obesse
1292 5035 1409 5118 possit.
1449 5034 1526 5114 Quin

425 5136 501 5197 illud
528 5138 684 5221 praecipue
710 5137 950 5214 observandum,
980 5139 1065 5201 lnand
1092 5138 1257 5200 convenire
1287 5160 1360 5201 cum
1387 5135 1526 5201 Africani
