3917 6467
513 1080 579 1146 tot
688 1077 880 1146 ANNOT'I'.
904 1078 955 1144 IN
977 1077 1199 1145 AFRIOANI
1222 1074 1477 1143 OHRONICA.

518 1247 616 1312 cnivis
630 1245 791 1310 constabit
805 1267 845 1310 ex
859 1245 1002 1331 plurimis
1017 1245 1155 1310 numeris
1168 1265 1327 1309 annorum
1344 1264 1406 1329 par
1421 1249 1527 1308 totum
1546 1262 1618 1327 opus

519 1347 670 1425 collectis,
681 1347 735 1434 qui
749 1346 791 1412 ab
806 1347 951 1411 Africani
965 1346 1142 1412 rationibus
1156 1354 1229 1412 toto
1243 1346 1325 1411 ooelo
1340 1345 1536 1430 discrepant.
1563 1343 1618 1406 Fa

519 1449 637 1514 bricius
651 1447 835 1534 opusculum
850 1447 911 1513 hoo
924 1448 1058 1513 editioni
1072 1468 1138 1512 snae
1153 1449 1186 1512 S.
1199 1445 1373 1533 ffippolyti
1387 1446 1516 1510 addidit
1530 1466 1559 1530 p.
1571 1464 1618 1524 49.

521 1549 624 1615 indice
638 1549 789 1635 praefixot
807 1557 827 1586 ‘⁶
836 1549 1015 1614 Ohronicon
1026 1549 1200 1635 Anonymi,
1212 1549 1298 1634 quod
1308 1549 1352 1613 ad
1364 1547 1399 1612 S.
1413 1545 1618 1632 Hippolytum

524 1659 544 1691 ‘⁶
560 1651 619 1716 viri
647 1650 734 1715 docti
761 1651 913 1729 referunt,
930 1659 1017 1716 corte
1042 1650 1195 1736 scriptum
1220 1650 1274 1714 illa
1298 1657 1413 1726 aetate,
1427 1656 1528 1734 atque
1550 1656 1618 1712 ante

523 1760 543 1791 ‘⁴
559 1751 664 1818 Oarcli
681 1752 729 1816 M.
738 1759 884 1837 tempora
899 1752 1018 1817 Latine
1031 1751 1224 1817 redditum’'
1251 1750 1448 1815 Gallandius
1461 1749 1618 1814 inter-cain

522 1862 612 1920 tomo
636 1854 679 1918 iii.
699 1852 892 1919 Billiotlecoe
912 1876 978 1920 snm
998 1855 1075 1919 ΡΡ.
1091 1855 1175 1919 idem
1197 1854 1381 1939 ponendum
1404 1852 1542 1928 curavit,
1558 1874 1619 1916 sen·

523 1956 634 2021 tentiae
649 1978 723 2021 voro
737 1957 870 2022 accessit
886 1957 940 2021 Fr.
952 1955 1120 2022 Blanchini
1134 1956 1168 2019 in
1182 1954 1422 2020 Dissertationc
1437 1954 1515 2038 ejus,
1533 1976 1619 2040 quam

526 2057 693 2122 Fabricius
702 2059 807 2123 denuo
821 2059 978 2136 ediderat,
988 2059 1040 2123 Dc
1051 2058 1170 2122 Uonone
1182 2054 1330 2120 Pasclcli
1341 2056 1378 2120 S.
1387 2055 1564 2141 Hippolyti,
1572 2056 1618 2118 ubi

524 2158 642 2223 abhoc
656 2165 767 2224 sancto
786 2167 879 2246 patre
897 2159 973 2224 illud
993 2157 1239 2244 abjudicandum
1260 2163 1381 2232 censet,
1398 2157 1487 2240 quod
1507 2157 1618 2221 numeri

524 2259 558 2323 in
572 2282 611 2325 eo
625 2261 802 2346 complures
819 2283 840 2326 a
859 2282 980 2326 canone
999 2280 1177 2326 marmoreo
1192 2257 1390 2344 Hippolyteo
1410 2257 1539 2322 differre
1558 2280 1619 2321 nos

401 2403 404 2408 Δ
525 2370 649 2426 cantur.
693 2363 861 2439 Attamen,
875 2384 947 2427 cum
970 2362 1004 2426 in
1029 2361 1178 2449 operibus
1198 2363 1231 2425 S.
1247 2360 1420 2445 Hippolyti
1438 2383 1459 2426 a
1481 2361 1618 2425 Fabricio

526 2461 711 2547 opusculum
734 2463 909 2548 repositum
931 2464 983 2542 sit,
1003 2463 1106 2549 ipsum
1128 2462 1184 2540 ibi,
1201 2469 1235 2526 et
1259 2462 1347 2542 alibi,
1367 2485 1442 2527 oum
1462 2464 1618 2529 Blanchini

526 2561 760 2627 Dissertationo
789 2563 994 2657 conjunctum
1021 2563 1240 2651 reperiendum
1264 2563 1346 2639 orit3
1378 2564 1477 2649 idque
1508 2565 1618 2651 Hippo

527 2662 595 2748 lyto
608 2663 802 2728 vindicatum
816 2665 920 2730 denuc
934 2666 1029 2730 cdere
1038 2665 1108 2751 jam
1118 2665 1306 2742 detrectavi,
1317 2665 1380 2729 etsi
1396 2666 1541 2753 Sylloges
1552 2688 1619 2730 mea

528 2777 696 2830 auctorum
710 2765 1028 2844 Ante-Nicanorem,
1038 2766 1092 2851 qni
1107 2787 1269 2850 nunquam
1283 2788 1431 2832 seorsum
1451 2770 1531 2834 editi
1545 2777 1619 2845 sunt,

527 2887 603 2951 pars
617 2887 686 2930 osso
700 2867 868 2951 potuisset.
913 2867 992 2949 Qum
1007 2889 1081 2932 vero
1095 2867 1238 2951 sequitur
1252 2867 1482 2947 chronotaxis,
1498 2894 1538 2935 ex
1552 2871 1620 2934 serie

527 2963 795 3049 Fragmentorum
806 2967 949 3034 Africani
962 2990 984 3033 n
998 2989 1049 3032 me
1063 2967 1251 3042 coniectasi
1266 2989 1394 3032 errores
1410 2970 1492 3054 ejus,
1501 2991 1620 3055 quornm

526 3066 650 3131 veniam
675 3074 761 3152 peto,
782 3068 994 3155 corrigantur,
1017 3069 1103 3134 illam
1126 3067 1275 3132 omnibus
1304 3077 1453 3134 veterum
1479 3073 1619 3137 Christia-

524 3187 640 3231 norum
654 3168 889 3254 chronologiam
904 3170 1168 3255 investigantibus
1181 3168 1294 3233 utilem
1309 3171 1381 3235 lore
1396 3174 1592 3257 speraverim.
