3917 6467
437 1089 503 1155 368
812 1087 1164 1153 ANNOTATIONES

435 1259 638 1344 exeipiendus
650 1258 774 1322 videtur
789 1258 959 1322 Afrieenue
972 1258 1005 1322 in
1021 1259 1081 1324 lrou
1093 1259 1173 1335 Ιοοο,
1185 1265 1221 1323 et
1235 1258 1374 1323 fortene
1383 1257 1514 1342 Origene·

435 1363 488 1427 lib.
505 1384 533 1425 v.
552 1363 664 1425 θουιτα
681 1360 808 1436 Uoltum,
822 1381 892 1445 uup.
907 1379 961 1445 55.
978 1360 1032 1445 qui
1047 1360 1145 1425 verbe
1163 1360 1206 1425 ud
1221 1361 1365 1425 animum
1378 1360 1446 1425 ritu
1458 1380 1513 1424 οοτ-

435 1484 539 1550 poreae
561 1462 710 1548 eupidum
733 1461 899 1525 Philonem
920 1470 1049 1526 seeutue
1071 1463 1184 1541 traxit,
1206 1463 1264 1527 ned
1286 1463 1349 1527 hoe
1370 1483 1453 1526 more
1469 1482 1516 1525 ιιο

434 1566 561 1641 faeiem,
578 1563 660 1627 sieut
685 1563 718 1626 in
743 1571 832 1627 tomo
855 1563 892 1626 vi.
912 1564 1071 1627 θουινιιιιι.
1087 1565 1122 1628 in
1140 1563 1235 1628 Im.
1251 1585 1322 1648 esp.
1341 1580 1392 1648 25.
1406 1561 1516 1627 nemin

434 1677 523 1732 temo
546 1666 610 1730 xiii.
632 1666 725 1749 ejued.
749 1667 860 1730 Oomm.
878 1688 947 1752 ουρ.
965 1685 1018 1752 37.
1033 1688 1233 1731 eommunem
1255 1666 1445 1731 sententium
1463 1686 1516 1730 en·

435 1770 545 1856 plexus
560 1769 628 1832 haee
643 1767 786 1851 scripsit3
804 1768 839 1831 ού
853 1770 945 1847 μόνος
958 1771 991 1831 δὲ
1007 1771 1024 1831 θ
1039 1770 1193 1848 ἄνθρωπος
1208 1758 1358 1847 ἑξέπέοεν
1373 1769 1406 1830 ἑκ
1418 1767 1517 1830 τελείου

435 1873 483 1933 ἐπὶ
497 1869 531 1932 τὸ
546 1871 661 1944 ἀτελὲς,
674 1871 756 1932 ἀλλὰ
771 1869 820 1932 καὶ
835 1871 948 1936 ἰδόντες
962 1872 992 1933 ol
1005 1871 1063 1934 utel
1077 1875 1129 1933 τοῦ
1144 1874 1229 1935 Θεοῦ
1242 1873 1297 1937 τὸς
1313 1874 1479 1950 θυγατέρας.

479 1972 516 2034 Ρ.
534 1990 604 2049 241.
621 1970 641 2032 l.
660 1991 706 2051 19.
721 1973 878 2049 μυθεύεται
892 1974 934 2047 δὲ,
951 1972 990 2038 ὦς
1003 1970 1094 2050 οἶμαι,
1111 1971 1170 2035 ἀπὸ
1184 1976 1238 2034 τοῦ
1254 1971 1319 2049 Σὴθ
1335 1968 1408 2055 tun]
1425 1968 1516 2033 Verte

434 2095 504 2157 quae
519 2080 694 2155 sequuntur
707 2093 727 2135 e
742 2072 849 2136 Goaro
864 2072 898 2135 in
912 2073 1048 2159 meryiee
1059 2071 1207 2156 Syneelli,
1218 2073 1428 2157 undecunque
1439 2071 1476 2135 ub
1486 2092 1515 2134 eo

433 2176 613 2261 desumpta,
628 2173 731 2258 posite
747 2182 832 2250 eunt,
844 2177 1001 2253 μυθεύεται
1015 2176 1050 2237 δὲ
1064 2176 1103 2240 ὣς
1117 2173 1198 2253 οἶμαι
1211 2174 1271 2237 ύτὸ
1285 2178 1342 2237 τοῦ
1360 2174 1513 2252 πνεύματος,

433 2278 479 2339 ὅτι
493 2276 593 2340 etvini
609 2280 690 2340 Θεοῦ
705 2275 764 2338 ἀπὸ
779 2281 831 2338 τοῦ
847 2275 910 2353 Σὴθ
924 2276 1203 2357 προσαγορεύονται.
1250 2275 1332 2356 Quoe
1346 2275 1379 2339 iu
1394 2274 1513 2339 vettium

432 2399 491 2442 sue
506 2377 588 2440 idem
604 2376 654 2442 ille
669 2386 797 2442 secutus
812 2386 881 2449 eet3
906 2376 983 2440 mihi
998 2398 1072 2440 vero
1088 2374 1165 2440 nihil
1179 2374 1241 2440 hoe
1256 2374 1328 2440 loeo
1345 2376 1512 2441 mutnndun

433 2478 568 2554 videtur,
583 2478 609 2542 si
624 2487 697 2563 poet
714 2478 794 2558 οἶμαι
808 2478 900 2564 plene
914 2478 1140 2563 distinguatur,
1156 2487 1190 2542 et
1205 2481 1235 2543 ol
1251 2482 1321 2558 μὲν,
1336 2480 1430 2544 verbo
1447 2478 1510 2559 οθιοι

433 2603 515 2644 nune
542 2581 740 2667 absorptum,
758 2580 884 2645 voeibue
904 2581 962 2645 ὰπὸ
983 2586 1036 2644 τοῦ
1056 2580 1119 2659 Σὴθ
1138 2580 1336 2666 praefigetnr.
1381 2582 1509 2645 Ceterum

432 2682 594 2769 eleganter
609 2682 780 2747 Africanus
805 2682 931 2767 scripsit
955 2684 1124 2761 μυθεύεται,
1138 2682 1210 2759 Ιιοο,
1225 2682 1350 2767 opinor,
1366 2705 1462 2758 senen,
1474 2682 1508 2745 in·

431 2784 550 2849 voluero
564 2786 695 2869 mystice
709 2784 921 2871 appeltrtieuie
934 2784 1046 2848 veritae
1063 2783 1216 2847 occulitur.
1264 2782 1459 2869 similemque
1475 2783 1509 2845 in

432 2889 558 2950 terdum
581 2888 757 2971 subjeetum
780 2909 848 2950 esee
870 2885 1031 2950 notionem
1054 2884 1254 2949 substantivo
1275 2890 1380 2967 μῦθος,
1395 2887 1433 2950 nd
1452 2884 1508 2949 Pu

432 2989 515 3052 tonis
533 2989 677 3073 Geqqzirm
692 2990 722 3072 ᾗ.
738 2994 789 3053 όο.
807 2987 925 3052 notavi.

474 3090 595 3155 Ibid.1.
613 3111 662 3174 23.
679 3089 837 3174 ἀποκαλεῖ]
858 3089 923 3152 Ρτο
943 3090 1107 3153 ἀποκαλεῖν
1127 3090 1253 3154 Goerue
1271 3089 1315 3153 ud
1335 3110 1433 3174 marg.
1447 3089 1508 3169 Syr

430 3188 499 3253 eelli
520 3192 668 3254 ἆποκολεῖ
688 3191 797 3267 habet,
818 3191 902 3274 qued
924 3189 1156 3254 eonetruetiene
1180 3189 1350 3254 verborum
1376 3184 1508 3274 postulari

431 3291 573 3367 videtur3
594 3292 726 3355 euadere
741 3299 848 3355 tumen
858 3290 1005 3354 videntur
1019 3289 1163 3354 infinitivi
1175 3290 1261 3353 modi
1272 3291 1327 3375 qui
1343 3298 1509 3376 sequuntur,

430 3393 497 3456 lraee
526 3392 595 3457 sisti
625 3393 667 3456 nd
697 3393 825 3456 modum
854 3413 917 3478 quo
946 3393 988 3456 eb
1023 3393 1128 3477 aliquo
1162 3391 1330 3455 literutere
1360 3414 1398 3456 ex
1431 3410 1509 3475 opere

430 3494 573 3559 Africani
586 3494 659 3557 olim
672 3503 823 3580 excerpta
835 3494 970 3559 luerent.
998 3494 1090 3557 Nune
1101 3496 1251 3557 ἂποκαλεῖ
1259 3514 1382 3578 nupera
1394 3488 1509 3577 Syneelli

429 3597 527 3661 editio
542 3598 671 3683 recepit,
688 3597 818 3682 perinde
832 3619 869 3660 ue
883 3597 917 3659 τὸ
932 3596 1099 3660 articulum
1115 3604 1308 3678 sequentem.

474 3699 510 3762 P.
529 3718 601 3776 242.
617 3699 635 3761 l.
655 3720 679 3760 1.
695 3699 729 3762 τὸ
746 3704 795 3776 τῆς
810 3700 928 3778 φύσεως
943 3696 1099 3783 ἀνόμοιον]
1117 3695 1299 3760 Articulum
1314 3695 1349 3758 τὸ
1364 3696 1466 3759 addidi
1479 3715 1510 3756 ex

430 3800 526 3864 MSto
534 3802 642 3884 priore
657 3801 802 3865 Parisino
817 3801 1029 3884 desumptum.

474 3900 556 3964 Ibid.
573 3901 593 3963 l.
615 3921 643 3967 2.
664 3903 718 3979 τὴν
743 3903 945 3983 ἀγανάκτησιν
970 3900 1153 3978 ποιήσασθαι
1181 3898 1234 3961 τὸν
1260 3897 1362 3981 Θεόν]
1390 3897 1511 3960 Dixerat

429 4002 598 4066 Africanus
621 4003 748 4066 trudere
776 4003 807 4067 S.
825 4002 1032 4088 sumpturam,
1048 4001 1101 4079 τὴν
1121 3999 1325 4081 ἀγανάκτησιν
1345 3999 1513 4077 ποιήσασθαι

430 4103 480 4165 τὸν
496 4104 588 4176 Θεὸν,
605 4105 636 4166 h.
653 4127 680 4167 e.
697 4105 729 4167 ni
744 4104 846 4175 fallor,
863 4104 960 4167 Deum
975 4103 1167 4188 ιὐθὶοτιατιιιυ
1180 4122 1248 4175 οιτον,
1264 4122 1333 4175 eeu,
1345 4101 1427 4164 ι’ταυι
1441 4101 1513 4162 intre

425 4226 455 4267 ee
477 4207 644 4289 eeneepieee.
691 4207 862 4290 Spectetur
887 4207 1010 4269 Genesis
1031 4206 1069 4267 vi.
1088 4206 1107 4266 6
1139 4204 1187 4265 καὶ
1209 4201 1375 4281 ἐνεθυμήθη
1397 4204 1414 4264 θ
1435 4200 1512 4273 Θεὸς,

426 4307 471 4368 ὅτι
494 4309 615 4384 ἐποίησε
639 4307 692 4369 τὸν
717 4308 874 4387 ἄνθρωπον
900 4307 948 4369 ἐπὶ
973 4311 1024 4384 τῆς
1049 4310 1112 4386 γῆς·
1136 4306 1184 4367 καὶ
1209 4303 1355 4381 διενοήθη.
1401 4304 1514 4366 Gonni!

426 4415 534 4471 nutem
549 4408 589 4470 ud
606 4430 700 4492 uterq.
717 4408 849 4490 emicem
863 4407 987 4492 posuit:
1008 4410 1050 4472 εἰς
1061 4405 1263 4487 ἀγανάκτησιν
1278 4404 1457 4481 κινήσαοθοι
1470 4405 1514 4465 τὸν

427 4511 519 4574 Θεόν.

470 4611 554 4674 Ibid.
570 4611 590 4673 l.
607 4632 638 4695 3.
656 4615 682 4674 εἰ
697 4614 728 4675 δὲ
750 4610 793 4674 ἐπ’
810 4613 950 4692 ἀγγέλων
971 4617 1069 4675 νοοῖτο
1087 4612 1169 4693 ἔχειν
1189 4608 1320 4693 τούτους]
1343 4609 1444 4672 Modo
1462 4605 1514 4669 loei

425 4736 535 4776 sensus
550 4714 603 4788 sit,
613 4713 661 4775 eiu
676 4734 742 4775 uero
757 4712 793 4775 de
804 4712 918 4796 θυμοί-ῖς
928 4712 980 4776 lec
990 4712 1105 4775 dietum
1114 4731 1171 4773 enee
1181 4708 1373 4792 intelligutur,
1389 4717 1423 4773 et
1437 4714 1513 4770 τοῦτο

424 4836 482 4897 pro
502 4815 621 4880 τούτους
641 4813 875 4898 legetur,1rulln
896 4823 1051 4897 praetereu
1075 4811 1251 4874 mutatione
1275 4810 1327 4873 hie
1351 4833 1431 4895 opus
1453 4828 1513 4871 eune

423 4915 558 4990 videtur,
569 4914 628 4977 etsi
641 4914 672 4977 in
688 4914 892 4997 sequentibus
906 4921 965 4978 τῶν
980 4938 1038 5000 pro
1054 4914 1121 4979 τοὺς
1135 4911 1228 4975 eeribi
1245 4911 1277 4973 in
1290 4913 1428 4994 ‘Syncelli
1443 4907 1510 4973 cod.

423 5017 530 5079 Puris.
541 5017 645 5099 priori
660 5016 792 5079 (liuntur.

469 5118 546 5180 lbid.
570 5117 590 5179 l.
611 5142 642 5197 4.
665 5119 705 5179 ἔτι
727 5117 771 5201 δὲ]
793 5120 917 5180 (lueres
942 5118 982 5180 ed
1009 5138 1106 5199 marg.
1130 5114 1244 5199 posuit,
1272 5116 1354 5176 unde
1378 5124 1508 5195 acceptu,
