3917 6467
424 1089 491 1152 156
785 1083 1165 1149 ANNOTATIONES
1219 1080 1225 1089 '

425 1257 566 1341 posuisse
578 1278 738 1319 sacrorum
750 1254 911 1330 libromm,
923 1274 1056 1338 quarum
1072 1251 1229 1336 posterior
1239 1249 1374 1314 multum
1385 1271 1406 1313 a
1419 1248 1505 1334 priore

427 1359 576 1423 differret.
595 1361 754 1420 Virusms.
787 1356 835 1419 Ex
850 1357 947 1420 MSto
962 1377 1031 1431 suo,
1042 1374 1135 1439 quem
1146 1352 1339 1416 bibliotheca
1352 1350 1508 1415 Bodleiano

426 1482 510 1523 nune
524 1468 624 1538 tenet,
640 1460 774 1523 Savilius
788 1457 955 1523 lectionem
969 1457 1055 1520 haud
1076 1461 1266 1539 sumpserat,
1283 1474 1381 1538 quam
1394 1452 1429 1516 in
1441 1472 1509 1516 mar

426 1562 499 1647 gine
514 1562 701 1645 exemplaris
717 1562 764 1624 sui
781 1559 1008 1644 Stephanianae
1030 1558 1106 1621 edit.
1122 1564 1206 1621 teste
1222 1555 1354 1619 Valesio
1369 1555 1513 1640 adpomit

427 1664 561 1748 Rufinus
590 1669 697 1726 autem
727 1662 892 1745 interpres,
919 1679 1084 1722 numerum
1114 1657 1278 1743 pluralem,
1304 1656 1337 1719 ni
1367 1655 1469 1733 fallor,
1490 1655 1516 1718 in

430 1764 537 1827 codice
552 1786 609 1827 suo
625 1763 751 1827 invenit.
797 1761 911 1847 Nuper
925 1783 1000 1824 vero
1014 1760 1115 1824 edidit
1130 1759 1220 1823 αὐτοῦ
1234 1758 1510 1822 Zimmermaunns.

476 1867 511 1929 P.
527 1887 595 1950 134.
611 1866 630 1928 l.
645 1869 675 1929 6.
688 1867 763 1949 ἄγίιρ
778 1867 922 1943 πνεύματι
936 1863 1097 1947 λελέχθαι]
1112 1863 1159 1925 καὶ
1173 1866 1213 1946 τῷ
1227 1862 1373 1940 πνεύματι
1384 1860 1520 1942 λελέχθαι

430 1966 504 2029 MS.
521 1965 660 2049 Nesseis

475 2068 558 2129 lbid.
568 2068 588 2130 l.
601 2088 630 2149 9.
648 2069 773 2150 ἑαυτῶν]
784 2067 824 2146 μὴ
835 2069 930 2130 αὐτῶν
946 2068 1026 2131 MS.
1035 2065 1174 2149 Norjble.
1191 2086 1248 2128 nee
1263 2063 1355 2127 mole.
1380 2060 1522 2126 Proxime

429 2178 513 2256 post,
529 2168 610 2232 ὅποτ’
628 2168 666 2232 ἄν
681 2174 717 2247 τῇ
731 2173 843 2233 ἑαυτῶν
857 2170 934 2234 MS.
950 2168 1041 2232 Bodl.
1057 2190 1116 2254 pro
1131 2170 1243 2231 ὁπόταν
1258 2167 1307 2229 καὶ
1321 2169 1358 2252 τῇ
1372 2165 1479 2228 aean

478 2272 559 2334 lbid.
577 2272 595 2332 l.
614 2292 661 2334 10.
679 2273 726 2333 καὶ
741 2271 807 2350 παρ’
824 2275 866 2334 ὧν
879 2270 1254 2353 κατηχήθησαν-ἔχωσιν]
1273 2267 1356 2330 Tota
1368 2266 1438 2330 ἀνευ
1452 2264 1526 2351 pari·

431 2395 509 2456 eope
525 2394 623 2456 usque
638 2372 680 2435 ud
695 2373 791 2435 verba
804 2371 857 2436 illu
871 2373 911 2451 μὴ
927 2373 1028 2455 ἔχωσι,
1045 2372 1135 2435 deest
1150 2370 1183 2433 in
1198 2369 1305 2434 codiee
1319 2368 1424 2451 Regio
1437 2371 1527 2451 (nuno

432 2475 523 2538 addit
540 2475 700 2537 Burmnus
718 2474 781 2537 eod.
799 2475 903 2537 Poris.
915 2476 1078 2559 peiorem)
1094 2496 1151 2538 neo
1168 2473 1338 2536 admodum
1357 2469 1529 2536 neoesmria

432 2577 508 2640 mihi
524 2577 658 2651 uidetur.
676 2577 813 2640 habetur
827 2585 935 2640 tamen
949 2577 982 2639 in
998 2575 1210 2640 vetustissimo
1222 2574 1329 2638 codiee
1344 2574 1432 2638 Mau.
1447 2572 1528 2636 Med.

433 2701 471 2744 ao
484 2680 566 2742 Ful.
584 2686 618 2742 et
633 2678 664 2739 in
677 2677 938 2762 interpretatione
950 2677 1068 2741 Rufini.
1088 2680 1243 2739 l'nnuerus.
1283 2675 1398 2739 Addas
1412 2681 1531 2740 eeteros

434 2779 557 2844 oodiees
572 2778 603 2840 in
620 2777 754 2842 Burtoni
770 2800 862 2841 usum
878 2778 1019 2843 collatos.

479 2881 560 2942 lbid.
576 2880 597 2941 l.
614 2900 662 2959 14.
679 2879 879 2960 ἀρνησάμενοι
894 2883 946 2943 τόν
961 2907 993 2944 τε
1010 2884 1101 2959 νόμον
1117 2881 1164 2943 καὶ
1179 2881 1248 2947 τοὺς
1261 2879 1430 2961 προφήτας]
1459 2879 1532 2941 Pro

435 2985 495 3046 bro
510 2982 667 3066 objectam
683 3003 779 3066 supra
790 2982 886 3046 luisse
907 2983 956 3046 liis
977 2982 1135 3047 haeretiois
1149 2990 1292 3047 veterum
1307 2981 1533 3067 seripturarum

436 3085 560 3168 antiqui
587 3085 715 3148 foederis
742 3085 986 3169 corruptionem,
1012 3106 1076 3148 non
1106 3084 1184 3148 item
1209 3105 1373 3162 novarum,
1400 3082 1535 3147 fortasse

437 3209 476 3251 ex
503 3187 552 3249 his
573 3187 676 3249 verbis
699 3186 907 3270 colligendum
929 3196 989 3251 est.
1043 3186 1138 3251 Certe
1160 3186 1207 3251 ita
1232 3186 1347 3251 statuit
1370 3185 1533 3260 Barouius,

437 3288 554 3351 Αυοοᾶ.
578 3288 618 3351 od
641 3309 692 3350 an.
710 3306 780 3367 207.
803 3310 836 3372 p.
849 3307 923 3372 334.
946 3290 995 3352 ed.
1020 3291 1175 3372 Antverp.
1203 3287 1347 3352 Valesius
1371 3288 1475 3372 Epist.
1496 3285 1538 3351 ad

445 3390 599 3452 Ueserium
610 3390 646 3452 ἀν
662 3390 800 3452 l‘brsione
815 3396 873 3452 τῶν
885 3388 922 3466 o‘,
936 3392 1027 3453 abeo
1042 3413 1099 3453 suo
1112 3390 1250 3453 Eusebio
1262 3389 1415 3474 subjecta,
1428 3407 1535 3474 p.791.

439 3491 682 3574 Lardnernsque
705 3492 753 3554 De
775 3491 856 3554 Hie.
889 3492 1004 3577 Ευαυρ.
1033 3493 1114 3556 Fide
1139 3499 1222 3577 part.
1239 3492 1270 3555 ii.
1298 3492 1359 3555 vol.
1375 3491 1417 3554 iii.
1446 3490 1537 3555 libi.

439 3614 507 3676 ουρ.
518 3613 568 3675 32.
587 3594 616 3674 ξ.
629 3611 656 3654 2.

485 3694 567 3755 lbid.
595 3693 616 3756 l.
640 3710 688 3777 15.
713 3695 823 3771 ἀνόμου
854 3696 902 3757 καὶ
926 3693 1015 3757 ἀθέου
1040 3698 1247 3780 διδασκαλίας]
1281 3696 1536 3761 subaudiendum

439 3796 564 3858 videtur
580 3798 667 3858 ἕνεκα
681 3794 728 3857 vel
744 3798 792 3858 ὄιά
807 3800 856 3873 τῆς
871 3797 982 3873 ἀνόμου
999 3799 1046 3860 καὶ
1061 3797 1150 3861 ἀθέου
1166 3801 1366 3865 διδασκαλίας.
1406 3800 1459 3863 lta
1475 3798 1538 3862 lere

441 3897 573 3981 Longus
588 3905 621 3959 et
638 3895 802 3958 Museulus
817 3898 900 3959 hune
915 3897 1019 3960 loeum
1029 3898 1232 3983 interpretati
1245 3906 1330 3971 sunt,
1342 3898 1455 3962 melius
1470 3921 1537 3983 pro-

441 3999 525 4063 lecto
541 4021 635 4083 quam
652 3998 968 4082 Christophorsonns.
1018 4002 1103 4066 Male
1118 4002 1215 4066 etiam
1231 4002 1365 4065 Rufinus
1380 4002 1495 4066 vertit:
1514 4011 1540 4064 et

441 4099 558 4162 obtentu
578 4100 682 4183 impiae
705 4099 792 4180 hujus
814 4102 993 4177 assertionis,
1011 4102 1100 4186 quasi
1125 4104 1241 4166 Graeea
1263 4103 1307 4166 sie
1330 4105 1542 4167 construenda

442 4201 517 4273 sint,
535 4202 645 4277 ἀνόμου
670 4200 717 4262 καὶ
737 4201 827 4264 ἀθέου
847 4205 1041 4270 διδασκαλίας
1060 4206 1221 4286 προφάσει.
1268 4205 1369 4290 Atqui
1390 4206 1542 4287 προφάσει

443 4306 563 4383 χάριτος
582 4301 664 4364 dixit
684 4300 847 4366 Eusebius.
893 4305 1018 4389 Quippe
1039 4306 1179 4370 haeretiei
1200 4307 1253 4382 illi,
1276 4308 1410 4371 obtentu
1429 4308 1543 4393 gmtiae

444 4426 514 4486 quae
531 4425 586 4489 per
601 4404 795 4487 evangelium
815 4406 936 4469 donata
955 4413 1013 4480 est,
1030 4406 1130 4492 legem
1146 4431 1183 4472 ae
1204 4409 1376 4495 prophetas
1395 4410 1541 4494 repudia·

444 4504 531 4566 bant.
581 4503 677 4566 Unde
700 4527 808 4567 eorum
829 4506 972 4569 doctrina
992 4508 1105 4571 merito
1121 4509 1229 4588 ἄνομος
1244 4517 1276 4572 et
1297 4511 1385 4576 ἄθεος
1406 4510 1540 4573 dieitur:

444 4608 553 4682 ἄνομος
575 4629 612 4669 eo
635 4608 717 4689 quod
744 4606 845 4688 legem
872 4607 1057 4690 rejicerent:
1092 4611 1180 4676 ἄθεος
1203 4610 1345 4692 eoquod
1370 4611 1542 4694 prophetas

445 4706 537 4768 unius
552 4730 590 4769 ae
605 4708 669 4769 veri
686 4708 744 4770 Dei
763 4709 891 4771 nuntios
906 4709 1118 4791 repudiarent.
1145 4710 1300 4772 Vsumms
1341 4710 1490 4775 Valesius
1503 4711 1543 4776 ad

447 4807 505 4869 hos
520 4808 675 4891 genitivos
690 4810 801 4886 ἀνόμου
818 4811 865 4872 καὶ
879 4810 969 4872 ἀθέου
987 4813 1181 4878 διδασκαλίας
1199 4811 1435 4895 intelligendum
1451 4821 1542 4897 putat

448 4911 544 4972 ἕνεκα.
590 4909 672 4971 Mihi
690 4909 795 4993 potius
810 4911 968 4995 appositio
984 4915 1036 4974 τοῦ
1049 4912 1169 4992 χάριτος
1188 4913 1343 4987 videntur,
1359 4913 1406 4976 ita
1425 4921 1544 4978 utrum·

448 5033 508 5095 que
524 5011 564 5073 ad
581 5011 732 5090 προφάσει
748 5013 916 5086 reseratur,
931 5021 1029 5095 atque
1049 5013 1233 5097 explicetur,
1249 5015 1401 5095 προφάσει
1415 5016 1542 5098 χάριτος,

448 5114 507 5191 ἥτις
530 5112 566 5190 ἦν
591 5113 608 5190 ἡ
631 5115 741 5191 ἄνομος
764 5116 811 5176 καὶ
837 5115 924 5179 ἄθεος
948 5115 1044 5176 αὐτῶν
1066 5118 1253 5178 διδασκαλία.
1279 5116 1409 5178 Srnoru.
1455 5117 1545 5180 Coru-
