3917 6467
505 1081 572 1151 498
883 1075 1237 1142 ANNOTATIONES

506 1254 541 1313 et
564 1245 670 1332 potius
694 1267 734 1310 ex
756 1244 994 1331 cognominibus
1015 1245 1133 1332 regulis
1155 1244 1263 1322 luisse,
1286 1244 1343 1329 qui
1368 1243 1514 1329 proxime
1535 1251 1602 1308 ante

506 1348 652 1414 Africani
668 1348 836 1434 Abgarum
857 1355 1057 1431 regnaverat.
1103 1348 1222 1410 Verum
1243 1346 1405 1410 diversum
1426 1344 1504 1431 quid
1524 1352 1602 1408 attu-

505 1448 579 1514 lisse
594 1449 632 1514 el.
641 1448 734 1513 Wise
749 1448 782 1512 iu
796 1447 938 1534 Epistotz
952 1469 1011 1511 sua
1025 1471 1056 1532 p.
1070 1462 1205 1531 15-27.
1221 1469 1305 1511 nuno
1320 1447 1425 1522 video,
1442 1445 1496 1509 ubi
1511 1446 1604 1509 Anto

506 1551 616 1615 ninum
631 1549 828 1617 Caracallum
847 1571 906 1635 pro
921 1549 1089 1613 Antonino
1104 1549 1188 1613 Vero
1207 1549 1293 1634 apud
1311 1547 1532 1634 Epiphanium
1544 1546 1604 1610 vult

507 1651 643 1738 intelligi
658 1651 782 1729 debore,
797 1658 867 1715 tum
881 1671 956 1715 vero
973 1649 1144 1735 Epiphanii
1165 1650 1394 1715 auctoritatem
1409 1650 1453 1713 ab
1468 1649 1537 1713 aliis
1549 1656 1605 1711 tes

507 1753 594 1818 tibus
608 1752 835 1818 labefactatam
849 1753 1007 1828 ostendit;
1032 1752 1117 1836 quod
1132 1751 1159 1816 si
1174 1751 1221 1816 ita
1235 1752 1289 1829 sit,
1304 1759 1394 1816 stare
1409 1751 1530 1836 poterit
1543 1771 1604 1813 sen·

506 1852 609 1916 tantia
623 1852 751 1937 quidem
766 1852 938 1930 Grabiaua,
953 1875 1017 1938 qua
1035 1852 1196 1917 habentur
1209 1852 1304 1917 iidem
1325 1874 1396 1917 essa
1417 1874 1510 1937 reges
1529 1871 1603 1914 eom·

508 1953 675 2018 memorati
689 1954 732 2018 ab
747 1954 930 2038 Epiphanio
944 1963 978 2019 et
994 1954 1158 2020 Africano.

1015 2209 1105 2274 LIV.

401 2413 404 2419 .
553 2355 592 2420 P.
608 2372 683 2441 307.
706 2357 726 2422 l.
745 2376 796 2426 20.
819 2360 868 2422 διὰ
889 2357 1009 2437 πολλὴν
1023 2363 1075 2422 τοῦ
1088 2355 1227 2439 Ἠραιιλᾶ
1249 2358 1366 2441 φήμην]
1392 2356 1501 2421 Addit
1516 2354 1605 2420 Euse-

509 2456 592 2536 bius,
608 2457 644 2523 ὃν
658 2459 863 2546 (Heraclam)
879 2461 927 2523 ἐπὶ
941 2462 1046 2540 λόγοις
1063 2461 1246 2541 φιλοσόφοις
1266 2460 1314 2523 καὶ
1332 2464 1396 2526 τοῖς
1417 2461 1525 2524 ἄλλοις
1542 2454 1606 2520 Ἑλ-

509 2558 610 2638 λήνων
623 2560 796 2640 μαθήμασιν
811 2563 844 2626 εὖ
857 2560 941 2641 μάλα
955 2560 1173 2644 διαπρέψαντα,
1188 2560 1243 2640 τὴν
1259 2559 1427 2639 ἐπισκοπὴν
1442 2565 1493 2638 τῆς
1513 2559 1606 2623 αὐτόθι

510 2662 670 2739 ἐκκλησίας
685 2664 908 2746 ἐγχειρισθῆναι
923 2662 1128 2742 ἐδηλωσιήιην,
1146 2660 1177 2725 h.
1188 2683 1218 2725 e.
1233 2682 1331 2746 supra
1345 2660 1379 2724 in
1393 2661 1508 2725 eodem
1521 2666 1606 2724 sexto

509 2761 659 2827 Historia
672 2763 764 2829 libro.
810 2766 851 2829 ln
869 2763 1014 2829 Otroaioo
1029 2766 1095 2828 An.
1111 2762 1234 2828 Christi
1250 2781 1289 2848 23
1291 2778 1322 2848 5.
1344 2763 1466 2848 posuit,
1482 2762 1606 2826 Atera

510 2863 612 2929 aissa
626 2864 755 2930 ιοοὶοοίσ
767 2865 958 2931 όιιοόιιίιπιιο
972 2866 1125 2952 episeopus
1134 2864 1301 2930 οτόὶιιαιιιτ
1309 2865 1475 2944 Heraclea,
1486 2885 1539 2929 αιι.
1549 2861 1605 2928 xri.

1024 3119 1094 3187 LV.

558 3269 594 3337 P.
611 3275 685 3358 308.
708 3275 728 3340 l.
744 3294 776 3360 3.
792 3275 899 3355 Ἡμεῖς
919 3280 976 3358 γὰρ
996 3278 1026 3339 oi
1045 3273 1188 3358 κήκείνων
1203 3275 1277 3358 δια]
1304 3273 1392 3337 Huio
1413 3272 1511 3354 ῥήσει,
1529 3279 1607 3358 post

513 3397 608 3462 quam
633 3378 801 3462 Origenem
825 3385 922 3462 atque
944 3378 1024 3442 alios
1046 3378 1182 3461 Origene
1204 3375 1400 3460 antiquiores
1426 3395 1607 3438 commemo

512 3478 605 3555 ravit,
618 3479 715 3542 verba
729 3480 882 3564 praemisit
899 3479 931 3543 S.
943 3478 1078 3543 Basilius
1092 3477 1139 3541 M.
1152 3477 1254 3552 istae03
1269 3475 1337 3540 ἀλλ’
1349 3477 1418 3540 οὐδὲ
1429 3475 1607 3558 Ἀφρικανὸν

512 3582 566 3644 τὸν
593 3581 824 3663 ἱστοριογράφον
849 3582 883 3644 τὸ
911 3587 1045 3644 τοιοῦτον
1071 3581 1148 3646 εἶδος
1176 3584 1225 3658 τῆς
1255 3580 1432 3659 δοξολογίας
1461 3579 1607 3658 παρέλαθε

515 3680 558 3765 (h.
569 3705 596 3746 e.
614 3680 646 3744 iu
662 3705 724 3766 quo
739 3683 921 3767 praepositio
937 3684 994 3747 σὺν
1009 3705 1080 3746 cum
1094 3705 1169 3746 roeo
1184 3684 1337 3759 Πνεύματι
1348 3681 1521 3765 jungit-ur).
1544 3684 1607 3762 φοί·

513 3808 596 3847 νεται
610 3787 667 3864 γὰρ
683 3787 717 3847 ἐν
731 3788 771 3868 τῷ
785 3784 907 3870 πέμπτῳ
925 3789 976 3864 τῆς
995 3791 1053 3848 τῶν
1070 3787 1188 3867 χρόνων
1203 3787 1349 3862 ἐπιτομῆς,
1366 3785 1443 3846 οὕτω
1464 3786 1512 3847 καὶ
1528 3784 1608 3848 αὐτὸς

511 3884 620 3967 λέγων·
644 3884 790 3950 ἨΜΕΙΣ
810 3890 868 3968 γὰρ
885 3889 941 3950 &a
987 3889 1029 3950 At
1049 3908 1102 3950 aec
1122 3886 1305 3969 Africanum
1326 3885 1400 3948 talia
1418 3884 1608 3970 ρῖονξήοαιιόί

510 3987 620 4070 forma
628 3989 792 4070 praeteriit.
827 3990 986 4073 Siquidem
993 3988 1104 4073 ροῖαιιι
1116 3999 1159 4052 est
1172 3989 1207 4051 in
1222 3987 1297 4051 libro
1311 3988 1415 4072 quieto
1435 3988 1608 4073 Ταηιροτιιιιι

511 4088 674 4173 Ερθοπιος,
690 4099 718 4153 et
732 4090 831 4173 ι’ρςιιιιι
844 4090 890 4153 ad
901 4089 980 4152 lune
998 4089 1079 4175 loqui
1096 4090 1235 4153 ιιιοόιιιιιι
1260 4088 1343 4154 NOS
1360 4111 1435 4152 vero
1452 4091 1509 4152 &a
1553 4087 1607 4151 Ait

513 4191 709 4269 Gennadius,
726 4192 780 4276 qui
795 4193 901 4277 posuit
916 4193 998 4256 hano
1013 4193 1157 4256 Africani
1179 4195 1266 4273 ῥῆσιν
1286 4191 1433 4255 ultimum
1456 4193 1607 4277 fragmen·

513 4299 631 4369 torum,
648 4315 717 4377 quae
733 4293 801 4378 ipse
815 4293 995 4378 eollegerat,
1009 4294 1205 4358 existimasse
1221 4293 1459 4357 Tillemontium
1475 4294 1507 4357 in
1519 4294 1606 4357 Mem.

513 4395 623 4468 Εοοῖος.
641 4403 718 4459 tom.
729 4394 772 4458 iii.
788 4418 819 4480 p.
834 4397 904 4479 256.
923 4399 967 4480 (p.
986 4396 1272 4479 ¹11.ed.Bruxel.)
1289 4396 1478 4460 Africanum
1502 4398 1608 4482 quinto

513 4518 570 4560 suo
586 4496 854 4582 Chronographiae
869 4497 950 4560 libro
964 4496 1014 4560 his
1030 4497 1133 4560 verbis
1147 4490 1457 4582 finemimposuisse.

557 4597 640 4661 Ibid.
666 4598 808 4682 κᾴκεῖνον
830 4606 888 4663 τῶν
910 4600 1048 4681 ῥημάτων
1068 4599 1102 4663 τὸ
1123 4599 1233 4680 μέτρον
1257 4600 1464 4683 ἐπιστάμενοι]
1490 4602 1609 4665 Locum

513 4697 649 4783 aliquem
677 4699 709 4763 S.
731 4699 905 4785 Scripturas
929 4707 1006 4764 ante
1035 4701 1214 4764 adduxerat
1246 4707 1369 4764 auctor.
1427 4701 1488 4766 Ait
1511 4702 1610 4766 editor

511 4798 736 4864 Benedictinus
750 4802 783 4864 in
798 4802 901 4865 tribus
918 4801 1014 4865 MSS.
1030 4809 1141 4866 extare
1156 4808 1215 4864 τῶν
1228 4805 1332 4883 ῥητῶν.

556 4900 639 4964 Ibid.
655 4902 674 4963 l.
690 4923 722 4986 5.
738 4910 797 4968 τοῖς
814 4905 896 4970 ἰδίοις
912 4902 996 4990 ἡμῖν]
1019 4903 1112 4967 Joalt.
1129 4903 1148 4965 i.
1163 4922 1210 4967 12.
1227 4907 1279 4970 Εἰς
1293 4895 1330 4967 τὰ
1344 4908 1405 4968 ἴδια
1421 4905 1508 4984 ἦλθε,
1525 4909 1572 4970 καὶ
1585 4909 1611 4969 οἱ

514 5005 581 5064 ἴδιοι
596 5003 686 5065 αὐτὸν
701 5003 735 5064 οὐ
751 5004 935 5084 παρέλαβον.
959 5011 993 5068 et
1008 5005 1073 5070 xiii.
1089 5026 1116 5069 1.
1133 5007 1289 5086 ἀγαπήσας
1304 5007 1372 5074 τοὺς
1388 5009 1479 5076 ἰδίους
1499 5010 1566 5076 τοὺς
1581 5012 1611 5072 ἓν

513 5104 552 5186 τῷ
569 5105 677 5187 κόσμῳ.
