3917 6467
430 1123 497 1185 470
807 1112 1159 1180 ANNOTA'I'IONES

429 1275 1099 1362 sciemipcrmmtstiomelitenrmmfletc
1118 1274 1253 1339 exhibet
1273 1273 1510 1358 &militnm

430 1379 666 1464 refragamnbm
684 1379 793 1442 θωνα
814 1378 860 1441 cd
877 1399 972 1462 ncrp.
988 1385 1023 1441 et
1046 1377 1221 1464 Sccligcro,
1237 1377 1427 1463 scriptisque
1441 1378 1513 1440 Pari-

429 1480 583 1547 wem

476 1585 514 1647 Ρ.
529 1603 601 1668 ²93·
618 1583 638 1645 l
658 1604 707 1664 ¹9·
721 1582 860 1666 δηλῶ]
875 1581 1202 1667 Reprebemsmscstin
1217 1603 1259 1645 eo
1275 1581 1447 1645 Africanus
1458 1603 1514 1665 pag.

428 1707 505 1771 309·
520 1709 541 1748 a
562 1685 716 1769 S5noello,
732 1685 818 1768 quod
834 1694 901 1747 tres
920 1705 1022 1747 ammos
1037 1682 1178 1747 Herodis
1196 1704 1300 1768 regno
1319 1683 1515 1747 subtraxerat

430 1792 495 1854 Sed
518 1792 599 1853 duas
621 1789 759 1873 quesbus
780 1786 862 1850 initii
884 1787 979 1871 hujus
1002 1786 1091 1871 regni
1115 1800 1299 1850 memorant
1326 1808 1369 1850 ex
1393 1785 1516 1870 Josepbc

430 1893 583 1956 Petarius
597 1892 629 1953 in
645 1891 809 1952 sarem.
831 1890 938 1973 Toup.
953 1896 1037 1973 part
1051 1889 1081 1951 1.
1095 1887 1149 1950 lib.
1162 1889 1201 1950 iv.
1215 1909 1288 1972 cap.
1304 1907 1358 1952 22.
1370 1896 1404 1952 et
1419 1888 1518 1970 Pagius

429 1996 585 2078 Appumt.
608 1991 655 2053 cd
675 1990 795 2053 Arnai.
820 1991 955 2054 Bcwsii
979 2012 1053 2075 pag.
1075 2008 1123 2071 17.
1148 2011 1257 2064 unam,
1281 1998 1452 2075 postquem
1472 2011 1517 2052 rex

430 2095 579 2158 Herodes
592 2115 613 2154 a
628 2092 781 2154 Romanis
795 2092 1071 2166 renunciatum,
1087 2113 1152 2175 qua
1165 2091 1294 2156 ratione
1308 2092 1429 2157 dicitur
1443 2094 1518 2157 cdo

428 2195 528 2279 sepho
550 2194 602 2256 lib.
622 2193 650 2255 1.
667 2194 716 2255 Dr
733 2193 910 2255 Bellolcd.
930 2215 1001 2277 cap.
1021 2191 1080 2256 ult.
1103 2213 1256 2277 regnasse
1280 2215 1386 2257 ammos
1407 2209 1464 2277 373
1483 2192 1517 2255 sl

428 2307 532 2360 teram
553 2318 627 2358 vero
649 2306 722 2380 post
743 2296 943 2380 Antigonum
964 2295 1261 2378 interfectumque
1280 2295 1402 2361 dicitur
1419 2295 1517 2359 ibidem

427 2399 471 2462 ab
484 2399 595 2461 eodem
610 2408 740 2462 auctore
757 2420 859 2461 annos
872 2417 925 2481 34.
939 2397 982 2461 ab
996 2397 1164 2459 interiecto
1178 2395 1350 2481 Antigono
1367 2418 1459 2480 regno
1471 2416 1517 2458 suo

428 2522 498 2564 esse
511 2500 645 2584 potitus.

472 2586 511 2663 P'.
530 2621 601 2681 294.
617 2600 637 2663 l.
658 2621 686 2662 1.
702 2604 893 2686 Ἀντίγονον]
921 2601 1009 2665 Male
1021 2601 1185 2663 Ἀνπόνιον
1200 2599 1343 2682 Symaelli
1361 2609 1458 2669 katte.
1471 2597 1515 2661 scd

428 2704 597 2766 emendate
619 2704 748 2766 Goarus
771 2703 804 2766 in
828 2726 924 2788 mos-p.
941 2713 975 2767 et
999 2702 1149 2787 Scaliger,
1167 2700 1323 2786 cedetque
1346 2699 1516 2765 alterare

427 2807 522 2869 cissa
567 2804 659 2868 Nune
674 2806 814 2870 correxit
830 2806 1027 2870 Dindoriius.

474 2907 546 2970 ibid
573 2909 594 2969 l.
608 2928 640 2993 3.
651 2909 686 2970 rb
700 2914 847 2971 πλεῖστον
857 2910 1025 2984 ἀποβολῶν
1038 2911 1090 2970 ποῦ
1104 2904 1251 2989 στρατοῦ]
1268 2905 1443 2970 Confirmat
1456 2904 1513 2967 Flo

428 3032 484 3073 rus
506 3008 768 3095 lib.ir.ccp.1o.
785 3011 840 3073 sed
863 3031 932 3073 rem
954 3009 1097 3072 nonnihil
1120 3009 1235 3072 minuit
1253 3009 1399 3073 Valerius
1419 3009 1513 3072 Pater-

430 3111 518 3174 erdus
541 3110 595 3174 lib.
611 3112 642 3173 ii.
658 3134 728 3196 cap.
752 3114 803 3176 82.
824 3119 862 3175 ut
883 3111 1025 3175 ostendit
1050 3110 1261 3174 Prideauxius
1281 3111 1365 3174 Hist.
1384 3112 1417 3175 V.
1435 3121 1459 3174 ot
1479 3110 1512 3172 N.

435 3216 512 3276 Test.
530 3215 683 3289 Corma,
699 3221 783 3297 pert.
798 3213 829 3276 ii.
844 3213 898 3276 lib.
915 3212 977 3276 viii.
993 3236 1024 3297 p.
1042 3230 1113 3297 793.

474 3314 556 3377 Ibid.
584 3314 649 3377 l.6.
674 3316 708 3377 οὐ
731 3314 936 3400 βουλόμενον]
969 3316 1025 3378 ita
1053 3316 1178 3378 Goarus
1201 3314 1234 3376 im
1261 3336 1362 3399 more.
1384 3314 1511 3396 cedetque

428 3417 507 3479 oller·
521 3418 691 3479 Parisinus
711 3439 769 3500 pro
782 3418 817 3479 οὐ
836 3420 1031 3495 βουλόμενος.
1077 3416 1121 3480 Et
1137 3416 1280 3500 Scaliger
1298 3416 1331 3478 in
1353 3415 1512 3479 Easebicud

429 3518 559 3581 exhibet
581 3518 740 3585 Ἀντώνιος
764 3523 795 3581 δὲ
818 3521 852 3582 οὐ
874 3523 1070 3597 βουλόμενος,
1093 3519 1168 3582 dum
1190 3519 1287 3602 paulo
1309 3520 1392 3582 inira
1411 3517 1511 3581 omittit

429 3642 521 3682 voces
535 3621 663 3682 easdem
677 3620 837 3686 Ἀντώνιος
853 3623 885 3683 δὲ
900 3630 976 3683 ante
989 3621 1076 3705 αὐτῷ.
1112 3621 1205 3682 Nunc
1221 3620 1331 3693 habet,
1345 3621 1427 3704 quod
1442 3619 1512 3704 prius

429 3722 542 3806 recepi,
559 3744 680 3806 nupera
696 3722 831 3805 Syncelli
847 3722 946 3786 editio
961 3724 996 3785 od
1010 3725 1207 3800 βουλόμενον.

474 3826 557 3888 lbid.
575 3827 594 3888 l.
608 3828 636 3887 8.
661 3826 738 3909 αὐτῷ
761 3826 828 3902 τὴν]
854 3827 908 3888 lta
928 3825 1073 3887 ediderat
1094 3823 1234 3907 Scaliger
1257 3845 1316 3907 pro
1337 3826 1427 3902 αι’πὴν
1444 3821 1512 3905 quod

427 3927 525 3990 hebet
542 3928 643 3990 Goari
661 3926 824 4008 syncellus.
870 3925 951 3988 Mox
966 3930 1064 3991 διττὰς
1079 3947 1137 4010 pro
1152 3930 1259 3992 διπλᾶς
1280 3925 1365 3988 idem
1382 3925 1512 4008 Scaliger.

429 4028 522 4090 Nune
538 4027 680 4112 reposuit
696 4026 841 4110 Syncello
858 4028 895 4089 αὖ
908 4027 962 4103 τὴν
978 4026 1173 4089 Dindorfius.

473 4129 554 4191 Ibid.
579 4128 599 4192 l.
622 4149 669 4189 ιι.
696 4129 745 4206 νηὶ
766 4129 820 4189 τὸν
846 4128 987 4210 στρατὸν]
1017 4127 1090 4189 For.
1115 4128 1237 4213 legend.
1266 4129 1370 4204 νηῐτὸν
1395 4130 1514 4209 στρατόν.

429 4228 508 4291 Mox
532 4230 565 4291 τὸ
588 4231 821 4307 ἀποβησόμενον
841 4249 899 4311 pro
922 4231 958 4290 τά
982 4230 1198 4307 ἀποβησόμενα
1220 4230 1295 4292 MS.
1319 4230 1400 4293 alter
1420 4229 1515 4292 Pare.

427 4331 513 4413 quod
528 4353 610 4393 nunc
626 4330 746 4413 recepit
761 4337 795 4392 et
811 4328 1005 4392 Dindorfius.

473 4431 554 4493 Ibid.
572 4431 591 4494 l.
612 4452 657 4515 13.
683 4433 749 4494 dccl
765 4432 955 4517 ναυμαχίαις]
980 4432 1036 4494 lta
1050 4431 1194 4495 ediderat
1210 4431 1367 4516 Scaliger,
1383 4453 1462 4494 nunc
1475 4429 1518 4491 fir·

426 4541 534 4596 mente
549 4533 632 4595 idern
647 4543 770 4616 varoque
779 4535 890 4619 compto
904 4534 1061 4609 Parisino,
1078 4556 1136 4619 pro
1147 4537 1233 4597 δυσὶν
1242 4539 1436 4617 συμμαχίαις,
1446 4532 1520 4618 quod

425 4634 556 4697 exhibet
572 4636 672 4697 Goari
688 4636 855 4717 Syacedloc.
902 4636 1005 4699 itaet
1020 4657 1102 4697 nunc
1117 4635 1299 4698 emendavit
1314 4635 1459 4699 Dindori.
1475 4632 1521 4719 qui

425 4736 568 4820 proxime
590 4744 666 4799 ante
681 4738 719 4802 ὡς
741 4737 764 4800 δ’
783 4739 881 4818 ἐκρίθη
901 4759 959 4821 pro
975 4738 1014 4803 ὡς
1036 4740 1068 4799 δὲ
1084 4739 1108 4799 ἔ.
1130 4757 1202 4799 cum
1217 4738 1296 4801 MS.
1312 4738 1410 4802 altero
1424 4737 1521 4801 Poris.

425 4837 542 4920 posuit.

470 4938 554 5000 Ibid.
575 4939 595 5000 l.
614 4957 659 5020 15.
684 4939 852 5025 ἀπέδοσαν]
878 4942 933 5004 lte
956 4940 1038 5003 Scal.
1063 4947 1095 5002 et
1121 4939 1224 5002 nostri
1244 4940 1305 5004 dcto
1329 4944 1522 5009 Perimes,

424 5061 483 5122 pro
506 5039 673 5116 ἀπέδοσαν,
698 5042 782 5123 quod
805 5043 941 5105 mutavit
964 5044 996 5105 in
1028 5064 1124 5126 marp.
1149 5041 1279 5107 Goarus
1308 5046 1341 5108 in
1367 5046 1521 5109 ἀπέδωκαν.

426 5140 519 5202 Nunc
535 5139 688 5203 ἀπέδοσαν
705 5143 844 5224 reposuit
860 5152 893 5207 et
909 5143 1104 5206 Dindorfius.
