3917 6467
426 1088 494 1149 842
794 1078 1148 1147 ANNOTATIONES

474 1257 511 1319 P.
529 1274 602 1339 234.
616 1253 638 1317 l.
661 1273 708 1329 14.
725 1252 758 1319 ὃς
775 1252 812 1332 ἦν
830 1252 908 1336 υίὸς]
929 1250 963 1317 ὃς
982 1250 1020 1329 ἣν
1039 1250 1056 1312 ὅ
1076 1247 1140 1315 υίὸς
1154 1248 1234 1313 MS.
1251 1246 1345 1312 Bodl.
1388 1244 1503 1309 Moxab

426 1358 541 1423 eodem
558 1355 651 1419 abest
671 1353 827 1438 particula
847 1354 896 1415 καὶ
915 1359 991 1415 ante
1010 1354 1107 1425 τοῦτο,
1123 1348 1207 1413 sieut
1225 1369 1247 1413 s
1263 1346 1440 1433 Μναμίαν,
1453 1345 1505 1409 Me

428 1459 522 1533 sorio,
536 1457 754 1539 Oretionoque.
786 1453 879 1517 Nune
893 1453 940 1517 ait
953 1451 1115 1515 Burtonus
1129 1449 1272 1534 quidem,
1281 1448 1428 1513 omittere
1436 1447 1506 1511 eu.

430 1560 540 1625 Poris.
559 1579 583 1622 ι.
598 1564 634 1623 et
650 1557 839 1621 Florentium
854 1576 962 1619 vooem
977 1553 1049 1626 υίὸς,
1064 1558 1099 1616 et
1114 1550 1259 1637 quamvis
1274 1558 1397 1635 septem
1410 1549 1508 1613 oodioe

429 1661 564 1725 eandem
575 1660 725 1730 habeant,
739 1658 822 1721 siout
832 1657 949 1742 legitur
958 1652 1358 1740 apudLueam,suspioa1i
1368 1674 1403 1716 se
1413 1660 1509 1725 nrum,

430 1762 514 1826 hano
535 1783 643 1825 vooern
659 1759 847 1823 Afrieanum
868 1757 1021 1833 omisisse,
1036 1762 1070 1820 et
1091 1753 1256 1839 scripsisse
1278 1760 1417 1829 tantum,
1431 1753 1462 1820 tc
1477 1752 1512 1830 ir,

429 1865 472 1929 ὃν
485 1864 646 1941 ἐνομίζετο.

477 1963 561 2027 ibid.
576 1962 599 2025 l.
621 1963 666 2025 16.
682 1960 736 2039 τὴν
757 1964 816 2042 γὰρ
838 1962 913 2024 κατὰ
935 1960 1029 2037 νόμον
1053 1955 1188 2041 γένεσιν]
1216 1955 1282 2020 Ηίο
1308 1978 1385 2021 vero
1406 1956 1513 2019 nimium

428 2064 574 2150 argutari
600 2063 726 2127 videtur
751 2061 931 2125 Africanus.
988 2057 1071 2122 Cum
1095 2057 1179 2121 euim
1206 2057 1314 2122 Luoas
1339 2059 1382 2121 de
1407 2056 1515 2121 curso

429 2165 549 2229 dixerit
563 2166 602 2231 ὥς
616 2166 765 2242 ἐνομίζετο
780 2162 843 2228 υίὸς
855 2159 971 2241 Ἰωσὴφ
986 2164 1038 2223 τοῦ
1051 2157 1136 2235 Ἠλὶ,
1152 2162 1205 2221 τοῦ
1221 2160 1338 2241 Μελχί,
1356 2160 1412 2223 &o
1450 2156 1516 2222 Air'r

429 2287 530 2331 oanus
544 2286 637 2328 voees
657 2264 727 2329 illas
746 2261 787 2330 oio
807 2264 957 2342 ἐνομίζετο
978 2260 1089 2325 referri
1111 2259 1178 2324 urit
1200 2281 1264 2323 non
1289 2259 1394 2324 solnm
1417 2260 1458 2324 ad
1477 2258 1517 2323 ilt

430 2366 529 2430 verba
542 2366 605 2432 υίὸς
617 2364 743 2446 Ἰωσὴφ,
759 2364 815 2427 sed
837 2363 936 2427 etiam
954 2362 997 2426 ad
1017 2361 1070 2425 iila
1091 2382 1162 2444 quoe
1184 2369 1365 2446 sequuntur
1386 2367 1438 2425 τοῦ
1449 2360 1517 2425 ‘flu

431 2468 526 2549 Quod
541 2467 601 2531 etsi
616 2474 747 2531 acutum
762 2466 898 2542 videtur,
913 2470 963 2527 est
977 2470 1086 2527 tamen
1102 2462 1244 2548 ineptum
1259 2473 1361 2548 atque
1376 2462 1519 2527 insulsum.

432 2569 518 2633 Nam
538 2570 565 2633 si
590 2569 694 2634 Lucas
714 2567 911 2653 evangelista
935 2567 986 2630 his
1007 2565 1135 2629 vooibus
1160 2563 1200 2631 tir
1225 2566 1389 2644 ἐνομίζετο,
1405 2564 1521 2650 legrien

431 2670 519 2734 illam
543 2670 782 2755 generationem
807 2690 864 2732 seu
889 2667 1093 2751 adoptionem
1120 2665 1279 2750 intelligit,
1302 2674 1340 2730 ut
1362 2666 1433 2732 vult
1453 2665 1523 2730 Afri

431 2793 543 2848 oanus,
562 2780 750 2856 sequeretur
775 2769 939 2836 Christum
960 2768 1059 2831 filium
1080 2767 1177 2832 inisse
1198 2767 1220 2831 J
1222 2768 1334 2853 osephi
1360 2791 1419 2854 per
1438 2769 1522 2853 adop·

433 2870 554 2936 tionem
575 2871 720 2955 legalem,
734 2871 847 2935 eodem
868 2870 962 2954 plane
983 2869 1080 2933 modo
1103 2890 1166 2953 quo
1186 2868 1353 2954 Josephus
1375 2870 1459 2934 iilius
1477 2868 1524 2933 fuit

435 2970 522 3036 Heli.
559 2972 616 3035 lta
630 2971 798 3035 dioendum
812 2979 897 3034 esset
912 2969 1056 3033 Mariam
1070 2978 1143 3054 post
1157 2978 1295 3034 mortem
1311 2972 1336 3033 J
1337 2971 1448 3056 osephi
1462 2991 1525 3054 nug

433 3072 514 3136 sisse
528 3073 596 3157 ejus
610 3072 714 3148 fratri,
726 3079 824 3155 atque
838 3093 879 3135 ex
893 3092 933 3135 eo
948 3071 1110 3137 Christum
1124 3072 1294 3156 peperisse,
1308 3073 1397 3156 quod
1411 3073 1526 3157 impium

432 3182 486 3239 est
510 3181 544 3239 et
567 3173 751 3237 absurdum.
798 3173 838 3236 Id
864 3180 972 3237 tamen
997 3173 1175 3237 neeessario
1200 3172 1348 3257 sequitur
1372 3196 1414 3238 ex
1439 3173 1527 3239 verbis

437 3275 591 3340 Africani.
637 3274 801 3338 Praeterea
815 3274 841 3337 si
856 3295 949 3337 voees
962 3273 1034 3349 illoe,
1048 3273 1087 3340 ὥς
1099 3276 1247 3353 ἐνομίζετο
1262 3276 1482 3340 extenduntur
1495 3274 1527 3338 ad

433 3399 476 3442 ea
493 3377 591 3441 verba
614 3379 666 3438 τοῦ
679 3374 766 3450 Ἠλὶ,
781 3375 892 3437 eadem
913 3375 1038 3438 ratione
1049 3375 1177 3439 extendi
1199 3375 1298 3439 etiam
1322 3386 1475 3460 poterunt
1495 3376 1527 3440 ad

435 3500 545 3543 omnes
559 3476 800 3562 generationum
814 3476 934 3560 gradus
948 3476 1002 3559 qui
1018 3485 1203 3560 sequuntur.
1247 3477 1346 3543 Nulla
1360 3481 1446 3543 enim
1460 3478 1528 3542 ratio

436 3588 497 3655 est,
509 3601 566 3642 cur
580 3579 612 3641 in
627 3578 766 3642 seeundo
779 3577 881 3662 gradu
893 3577 1125 3641 subaudiantur
1135 3578 1242 3662 potius
1257 3602 1356 3664 quam
1368 3582 1402 3644 in
1416 3579 1529 3665 reliquis

437 3681 535 3744 lineis.
582 3681 657 3742 Hoe
681 3678 780 3763 igitur
804 3677 907 3762 primo
933 3678 1176 3761 improbandum
1199 3688 1249 3743 est
1273 3681 1306 3743 in
1331 3682 1528 3766 explicatione

438 3781 592 3845 Airioani.
633 3780 778 3844 Secundo
793 3778 862 3841 loco
878 3780 1055 3842 notandum
1069 3781 1215 3864 estquod
1230 3781 1279 3845 ait
1289 3782 1325 3844 iu
1337 3784 1528 3867 generatione

438 3882 492 3946 iila
507 3882 627 3945 Christi
646 3903 742 3964 quum
762 3881 860 3943 refert
877 3880 992 3956 Lucas,
1006 3881 1138 3944 tertium
1157 3903 1226 3945 esse
1243 3882 1376 3960 Melani,
1393 3883 1528 3968 utquein

437 3984 599 4069 evangelio
624 3982 720 4046 Lueae
744 3981 859 4045 tertius
879 3981 1062 4044 nominatur
1083 3982 1225 4058 traebat,
1240 4006 1320 4047 avus
1344 3986 1466 4049 scilieet
1485 3983 1527 4046 Jo

437 4084 537 4167 sephi.
587 4085 702 4165 itaque
717 4090 773 4146 eut
788 4082 976 4145 Africanum
992 4085 1144 4148 memoria
1158 4085 1281 4169 lapsum
1292 4108 1365 4149 esse
1376 4088 1529 4151 dieenduu

438 4190 508 4258 est;
530 4191 587 4247 aut
606 4192 693 4247 oerte
718 4183 751 4247 in
777 4182 885 4246 oodioe
912 4182 1076 4268 Evangelii
1104 4207 1166 4269 quo
1192 4208 1267 4249 usus
1293 4194 1345 4250 est
1373 4188 1529 4251 Africanus

440 4284 558 4348 Melehi
574 4285 727 4370 seriptum
742 4284 837 4346 fuisse
852 4307 911 4368 pro
927 4286 1078 4350 Mothut:
1095 4309 1165 4370 quae
1180 4297 1229 4350 est
1244 4289 1432 4370 conjectura
1447 4288 1529 4352 Beda

439 4387 472 4447 in
487 4392 584 4468 onput
598 4384 641 4446 iii.
659 4382 762 4446 Lucae.
809 4386 907 4448 Certe
923 4388 1099 4470 Gregorius
1115 4387 1333 4451 Nazianzenus
1351 4389 1386 4451 in
1406 4387 1530 4453 carmine

439 4486 492 4570 38.
520 4486 560 4548 de
585 4482 707 4547 Christi
734 4484 930 4569 genealogia,
957 4488 1145 4552 Africanum
1170 4511 1304 4573 sequens
1332 4490 1457 4554 Melohi
1485 4507 1530 4574 pro

441 4582 573 4648 Muthut
599 4583 715 4667 posuit.
763 4584 808 4649 Et
831 4587 1021 4651 Ambrosius
1047 4589 1080 4650 in
1102 4588 1156 4651 lib.
1171 4589 1214 4652 iii.
1232 4589 1530 4654 Commentariorum

439 4687 472 4749 in
489 4686 617 4749 Lucum.
643 4686 802 4747 Vinnerus.
848 4687 975 4771 Ergone
996 4689 1073 4752 illud
1092 4688 1305 4774 evangelistes,
1321 4692 1363 4756 ὦς
1384 4694 1529 4770 ἐνομίζου.

438 4810 533 4852 sensu
553 4787 691 4871 proprio,
707 4796 741 4850 nt
759 4787 818 4871 lege
839 4791 989 4852 sancitum
1012 4801 1061 4867 eat,
1081 4798 1194 4854 auotor
1216 4790 1453 4876 interpretatus
1475 4788 1531 4854 est!

440 4892 495 4954 Ad
513 4888 658 4954 lectionis
673 4889 860 4953 varietatem
882 4913 902 4953 n
918 4891 1048 4954 Valesio
1068 4898 1278 4956 memoratam
1299 4895 1386 4976 quod
1407 4897 1528 4978 spectat

438 4991 462 5054 J
464 5012 583 5055 oannes
605 4990 725 5055 Millius
739 4991 778 5054 nd
797 4991 854 5054 loc.
872 4992 906 5055 S.
925 4992 1029 5068 Lueae,
1046 4994 1140 5076 inque
1156 4993 1384 5078 Proleqonrenis
1397 4995 1472 5063 suis.
1483 5011 1529 5055 nos

440 5092 574 5168 monuit,
590 5092 718 5155 obstare
733 5091 940 5156 universalem
952 5094 1095 5157 codicum
1107 5093 1139 5155 in
1150 5093 1305 5159 hodierna
1319 5095 1456 5160 lectione
1470 5113 1529 5157 oon
