3917 6467
700 1114 747 1178 ΙΝ
770 1114 992 1181 AFRIOAM
1015 1116 1257 1182 OHRONIOA.
1462 1124 1529 1214 gleb

905 1362 1060 1425 XXXV.

470 1493 511 1555 P.
526 1494 598 1577 285.
610 1494 629 1557 l.
644 1514 672 1557 2.
690 1495 748 1558 Kal
764 1496 911 1578 κατέσχεν
925 1498 943 1575 ἡ
958 1498 1104 1575 βασιλεία
1119 1496 1192 1583 &c.]
1210 1497 1370 1563 Praemisit
1387 1498 1526 1563 Malala:

424 1593 481 1658 Ἐν
497 1596 595 1661 αὐτοῖς
609 1598 641 1659 δὲ
656 1603 718 1662 τοῖς
736 1598 856 1679 χρόνοις
874 1600 1059 1676 ἐβασίλευσε
1081 1605 1138 1661 τῶν
1154 1589 1396 1678 Λακεδαιμονίαν
1415 1607 1530 1681 πρῶτος

426 1696 596 1776 Εὐρυσθεὺς
612 1697 662 1776 ἔτη
676 1703 737 1777 μβ.
754 1701 802 1763 καὶ
816 1701 907 1762 ἄλλοι
920 1706 1061 1776 βασιλεῖς
1082 1702 1143 1778 μετ’
1160 1701 1250 1763 αὐτὸν
1269 1699 1308 1780 η’.
1325 1703 1398 1781 ὁμοῦ
1420 1704 1528 1780 ἐβασί-

425 1804 543 1861 λευσαν
568 1798 619 1875 ἔτη
642 1798 723 1879 σμς’.
747 1801 793 1863 καὶ
817 1799 1030 1880 ὁἈλκμαινος
1057 1802 1108 1878 ἔτη
1134 1803 1196 1878 λζ’.
1243 1808 1311 1866 ΚΑΙ
1340 1802 1488 1884 κατέσχεν
1511 1804 1530 1882 ἡ

425 1901 573 1978 βασιλεία
596 1905 652 1963 tre.
700 1902 792 1965 (lisca
813 1902 872 1966 illa
890 1912 1025 1987 tenpore
1049 1904 1289 1967 Loccdaemonc'ic
1307 1905 1447 1988 reparavit
1461 1903 1531 1988 psi·

425 2020 493 2064 mas
506 2001 692 2084 Εανχαῇναα
707 2026 768 2088 per
788 2026 883 2068 aanor
900 2027 975 2067 xnn.
990 2013 1019 2067 ct
1033 2013 1104 2089 post
1125 2026 1190 2067 eum
1212 2025 1293 2089 reyes
1313 2004 1373 2067 atti
1393 2026 1460 2084 vm,
1472 2025 1532 2089 por

425 2123 545 2164 sexum.
576 2125 725 2167 αααανααι
757 2106 901 2190 spatium
932 2105 1041 2168 deinde
1069 2105 1244 2169 Alcmenes
1277 2125 1373 2168 annos
1405 2127 1528 2167 xxxvn.

426 2204 641 2270 DURAVIT
671 2208 769 2293 igitur
797 2230 929 2293 regnum
959 2210 1016 2271 &c
1062 2207 1176 2271 Posuit
1202 2207 1359 2270 Eusebius
1387 2206 1430 2270 ad
1455 2228 1529 2271 anu.

426 2307 572 2371 Abrahae
595 2332 704 2386 neers,
728 2310 781 2395 qui
803 2332 905 2373 annus
926 2316 976 2373 est
1002 2331 1053 2393 49.
1077 2309 1204 2372 Azariae
1229 2308 1311 2392 regis
1334 2309 1442 2378 Judae,
1461 2308 1530 2373 lraec

426 2409 536 2484 verba,
552 2412 851 2476 Lascdaemoaiorma
866 2433 945 2497 repca
961 2411 1157 2493 desecantem
1182 2432 1252 2495 quae
1268 2409 1394 2493 quidem
1410 2410 1452 2472 ad
1470 2410 1530 2473 rei-

427 2511 561 2595 publicae
576 2513 709 2578 formam
724 2537 745 2578 a
760 2516 908 2599 Lycurgo
928 2520 1087 2577 mutatam
1107 2512 1277 2597 pertinent,
1293 2510 1321 2573 is
1341 2511 1426 2573 enim
1442 2512 1529 2596 Eph-

427 2631 501 2675 oros
524 2634 618 2696 super
638 2637 729 2699 reges
753 2616 786 2678 in
802 2616 1033 2679 Lacedaemone
1056 2612 1231 2678 constituit.
1277 2611 1360 2677 Cum
1385 2613 1528 2678 Africani

427 2713 548 2777 calculo
563 2737 718 2780 annorum
733 2719 891 2782 consentit
902 2716 1070 2781 Eusebius.
1108 2715 1227 2779 Confer
1241 2714 1279 2778 cl.
1290 2714 1528 2779 Schurzfleisch.

427 2823 501 2899 post
526 2817 680 2881 Notitiam
704 2818 847 2883 Biblictt.
866 2820 978 2882 tener.
1001 2841 1031 2903 p.
1053 2819 1127 2900 376.
1173 2819 1361 2900 Anonymus
1385 2816 1530 2901 Scriptor

427 2919 524 2980 modo
545 2928 738 2985 memoratus
759 2943 860 2985 anuos
879 2940 945 3005 324
961 2942 1021 3006 pro
1035 2939 1076 3002 32
1078 2939 1109 3002 5.
1127 2918 1438 2982 Lacedaemoniorum
1460 2941 1530 3003 reg-

428 3040 471 3082 no
487 3020 647 3085 attribuit.
670 3044 700 3105 p.
715 3025 758 3108 38
774 3024 821 3087 vel
842 3043 911 3087 102.
927 3022 1003 3086 edit.
1021 3022 1141 3084 Hardt.

472 3120 554 3184 Ibid.
571 3121 591 3184 l.
608 3143 639 3205 9.
654 3130 706 3198 Τὴν
719 3131 752 3185 α’.
769 3132 933 3198 Ὀλυμπιάδα
955 3125 1026 3208 δια]
1056 3122 1136 3186 Haec
1159 3123 1264 3199 verba,
1281 3144 1353 3186 cum
1375 3123 1450 3187 olim
1476 3124 1529 3187 de-

428 3230 557 3306 sumpta
578 3231 683 3287 essent
705 3245 745 3286 ex
760 3222 1113 3287 accasamentis
1137 3224 1179 3287 ab
1204 3224 1347 3287 Auctore
1373 3225 1528 3298 chronici,

429 3324 513 3408 quod
530 3324 775 3387 Alescadciaam
790 3324 979 3408 appellatur,
995 3346 1050 3387 seu
1065 3323 1223 3400 Pactolo,
1238 3324 1378 3409 Scaliger
1392 3325 1529 3389 vicissim

430 3424 613 3489 suamne
638 3427 703 3489 suis
729 3427 870 3510 reposuit
896 3449 966 3511 pag.
988 3429 1039 3510 38.
1089 3425 1240 3489 conferas
1264 3425 1373 3488 Otron.
1394 3427 1468 3490 Lol.
1488 3427 1530 3491 ad

428 3526 688 3590 ann.ssccx1..ubi
704 3549 743 3590 ex
759 3527 1022 3612 interpretatione
1033 3526 1285 3609 Hieronymiana
1300 3527 1406 3610 posita
1420 3534 1506 3592 sunt.

472 3628 557 3692 Ibid.
572 3629 593 3693 l.
613 3649 660 3714 13.
677 3633 725 3693 us
738 3630 820 3714 βίου]
838 3629 1009 3715 Scaligero,
1026 3629 1079 3712 qui
1095 3628 1244 3691 istudne
1262 3630 1333 3707 βίον
1351 3637 1425 3712 post
1440 3651 1531 3693 voces

427 3736 487 3793 τῶν
499 3729 668 3810 Ἀθηναίων
681 3732 783 3808 addit,
798 3733 830 3794 in
845 3733 921 3795 edit.
941 3731 1085 3795 Chronici
1099 3729 1308 3793 Accendant
1320 3729 1530 3814 Ducangiana

427 3832 587 3910 omissum,
601 3834 821 3919 patrocinatur
842 3835 992 3898 Armenia
1013 3833 1182 3897 Ecacliani
1208 3832 1353 3896 Clrcnicc’
1379 3834 1531 3917 Interpre-

427 3934 513 4007 tatt'a
529 3934 561 3997 in
578 3958 641 4018 qua
656 3936 753 3999 etiam
768 3937 836 3999 baec
859 3936 955 3999 verba
969 3941 1094 4009 extant,
1108 3934 1223 3998 Latine
1243 3934 1388 4008 reddita;
1413 3933 1532 3999 Scribit

427 4034 531 4120 itaque
553 4039 727 4118 Africanas
747 4037 795 4100 Itis
820 4036 937 4109 verbm
966 4035 1128 4117 mntem
1150 4036 1362 4120 Apamestoria
1383 4036 1531 4121 qutcmda'a

427 4137 514 4213 cinit,
540 4138 703 4223 imperauit
731 4138 958 4203 Attenieuaibe
983 4139 1074 4201 αααὶα
1099 4161 1188 4200 xxnr.
1216 4136 1269 4201 aab
1298 4160 1355 4222 quc
1386 4138 1531 4201 localem

427 4240 564 4322 repressit
578 4241 612 4302 ia
625 4241 807 4304 Jomsaam.
845 4242 999 4303 Eteocles
1012 4261 1125 4324 quoque
1139 4261 1234 4303 ccccc
1245 4238 1297 4301 sul
1305 4239 1415 4323 prima
1421 4239 1533 4322 Olym-

421 4340 520 4422 piade
533 4342 679 4404 Joattam
693 4342 832 4406 inobedit.
855 4365 886 4426 p.
909 4344 978 4418 178.
998 4341 1064 4404 Vol.
1083 4341 1126 4405 lI.
1143 4342 1218 4405 edit.
1236 4341 1377 4404 Aucber.

473 4442 556 4504 Ibid.
572 4444 593 4506 l.
613 4464 661 4521 14.
679 4446 738 4507 Kal
758 4447 774 4506 ὁ
798 4444 938 4523 ἡμέτερος
961 4446 993 4507 δὲ
1019 4444 1125 4517 κανὼν,
1140 4450 1221 4519 λέγει,
1239 4441 1308 4526 bra]
1333 4442 1437 4522 Quum
1463 4442 1532 4505 haec

428 4544 573 4608 Africani
588 4546 684 4608 verba
703 4568 771 4609 esse
786 4546 961 4619 videantur,
977 4543 1185 4607 confirmatur
1204 4543 1277 4605 inde
1298 4545 1321 4604 J
1323 4543 1432 4626 osephi
1454 4544 1529 4608 Sca-

427 4645 517 4730 ligeri
547 4647 588 4710 de
613 4646 743 4732 hujusce
768 4645 917 4710 Chronici
944 4645 1095 4707 divisione
1120 4644 1288 4707 sententia.
1336 4644 1408 4708 Hoc
1435 4645 1530 4721 enim,

428 4748 560 4833 perinde
573 4759 671 4833 atque
687 4748 912 4819 Eusebianum,
930 4746 961 4808 in
977 4747 1057 4810 duas
1072 4746 1147 4808 olim
1162 4754 1270 4829 partes
1286 4746 1419 4810 divisum
1434 4746 1531 4810 fuisse

428 4851 589 4925 censebat,
609 4872 742 4935 quarum
762 4849 921 4934 posterior
938 4848 1042 4911 Oenea
1057 4853 1170 4910 vocata
1186 4854 1207 4884 “
1223 4869 1261 4911 ea
1282 4870 1352 4931 quae
1372 4848 1404 4910 in
1426 4849 1531 4931 priore

429 4961 449 4989 “
466 4962 559 5036 parte
573 4975 631 5038 per
646 4950 943 5024 demonstrationes,
959 4957 1219 5033 argumentorum
1235 4950 1452 5027 necessitates,
1469 4949 1531 5011 his-

429 5067 449 5093 “
465 5058 621 5121 turianum
635 5054 827 5129 testimonia,
841 5052 1077 5115 intervallorum
1093 5050 1275 5115 notationes
1290 5052 1321 5114 in
1337 5073 1453 5137 genere
1468 5050 1531 5113 col-

429 5159 548 5222 “lecta
563 5165 648 5236 suut,
663 5156 823 5241 sigillatim
843 5154 901 5233 (ait
917 5151 967 5215 ille
988 5174 1059 5237 pag.
1076 5176 1108 5233 4.
1125 5152 1340 5217 Animcdcm.
1357 5153 1392 5215 in
1407 5151 1529 5232 aaa.)
