3917 6467
508 1080 737 1148 ANNOTAT.
761 1080 810 1146 IN
832 1080 865 1147 S.
883 1081 1025 1147 ALEX.
1049 1082 1232 1148 HlEROS.
1257 1080 1432 1147 FRAGM.
1477 1078 1541 1149 169

433 1266 470 1317 ut
492 1253 677 1317 ostenderet
698 1254 748 1318 fas
769 1254 865 1318 fuisse
887 1254 985 1331 luicis,
1008 1254 1217 1340 presentibus
1236 1252 1391 1338 episcopis
1413 1251 1535 1316 concio·

432 1355 512 1419 nari.
558 1356 622 1420 Sed
636 1366 670 1421 et
684 1357 763 1421 alias
780 1356 956 1419 Alexandri
972 1356 1014 1419 ad
1030 1356 1172 1420 diversos
1187 1361 1323 1419 annotat
1337 1355 1422 1417 idern
1436 1354 1484 1417 vir
1499 1353 1536 1417 el.

433 1455 505 1519 olim
521 1457 666 1522 extitisse
679 1459 842 1543 epistolas,
858 1466 943 1523 teste
960 1459 1171 1543 Hieronymo,
1186 1480 1258 1542 quae
1273 1468 1452 1541 temporum
1472 1478 1538 1520 ma·

433 1555 579 1641 lignitate
594 1559 755 1642 perierint.
799 1560 987 1625 Gallandius
1008 1570 1116 1625 autem
1134 1560 1312 1623 Alexandri
1332 1558 1538 1643 epistolarum

433 1660 621 1745 fragmmm
646 1674 742 1746 prout
765 1671 879 1727 extant
902 1665 989 1747 apud
1011 1662 1185 1726 Eusebium
1206 1683 1278 1726 cum
1300 1661 1384 1725 uotis
1405 1660 1538 1737 Valesii,

434 1770 520 1826 tomo
535 1764 567 1827 ii.
585 1764 777 1828 Bibliotheca
792 1766 923 1828 Petrum
939 1788 1004 1828 sure
1020 1763 1213 1828 interseruit.

476 1866 515 1929 P.
526 1868 586 1952 165
605 1866 624 1929 l.
632 1869 661 1931 8.
672 1872 778 1933 δοῦλοι
790 1869 837 1931 καὶ
848 1869 969 1946 δέσμιος
977 1866 1079 1942 Ἰησοῦ
1091 1865 1237 1952 Χριστοῦ]
1248 1870 1356 1931 δοῦλος
1367 1866 1477 1945 Κυρίου
1490 1866 1539 1928 καὶ

435 1970 470 2033 R.
488 1971 601 2055 Steph.
648 1970 686 2034 ln
711 1972 819 2035 codice
845 1971 934 2035 Mod.
965 1972 1051 2035 Mau.
1078 1980 1111 2035 et
1138 1971 1223 2034 Fuk.
1251 1968 1415 2052 inscriptio
1443 1968 1538 2053 hujus

434 2076 576 2162 epistolae
590 2075 684 2139 aliter
697 2074 823 2160 legitur,
841 2075 902 2138 hoc
916 2075 1011 2138 modo
1025 2073 1226 2153 Ἀλέξανδρος
1241 2075 1257 2136 ὁ
1278 2078 1384 2138 δοῦλοι
1405 2073 1451 2135 καὶ
1467 2074 1537 2135 δέσ-

434 2206 496 2258 μιος
524 2179 627 2256 Ἰησοῦ
655 2183 795 2259 Χριστοῦ.
829 2179 943 2263 quibus
972 2177 1131 2241 consentit
1160 2175 1268 2239 Rufini
1304 2175 1537 2257 interpretatio.

435 2283 594 2344 Van-rus.
640 2279 761 2343 Vocem
789 2282 897 2360 Κυρίου
923 2281 1041 2343 addere
1070 2278 1236 2363 Olristrpi.
1264 2277 1297 2340 in
1327 2276 1443 2360 interp.
1469 2298 1539 2348 sua,

435 2392 526 2447 notat
555 2381 729 2458 Strothius,
752 2382 807 2446 sed
839 2403 910 2445 cum
936 2381 1060 2446 caeteris
1085 2381 1189 2444 lacere
1219 2378 1292 2442 Cod.
1317 2378 1423 2442 Veneti
1445 2378 1539 2441 Lectt.

435 2485 723 2570 Mccplowmque;
756 2484 870 2568 quibus
896 2483 1100 2547 consentiunt
1124 2482 1222 2546 etiam
1247 2480 1331 2545 codd.
1360 2480 1459 2544 Socii.
1485 2503 1543 2544 seu

435 2587 522 2652 Bodl.
553 2594 588 2650 et
619 2585 755 2668 Illorsola.
802 2585 866 2649 His
899 2608 983 2649 nunc
1018 2585 1107 2649 addit
1143 2584 1306 2648 Burtonus
1337 2583 1542 2647 Parisiorum

434 2698 601 2773 ιιιηιοιριιο,
641 2688 791 2764 Venetam,
811 2696 854 2751 et
882 2687 1083 2751 Florentiam.
1139 2686 1248 2751 Oodioi
1278 2694 1387 2749 autem
1417 2683 1542 2748 Norl'ol-

435 2788 540 2864 riensi,
555 2790 633 2852 dum
652 2789 784 2874 perinde
807 2795 906 2873 atque
921 2789 1035 2874 Rspice
1053 2810 1124 2851 cum
1140 2787 1250 2851 Paria.
1266 2795 1399 2870 atroque,
1427 2786 1540 2858 Veneto,

434 2899 462 2956 a
489 2892 581 2956 Hor.
608 2901 741 2976 utroquo,
772 2890 941 2955 articulum
968 2889 1205 2975 praepositivum
1231 2891 1247 2951 ὁ
1273 2887 1406 2964 omittit,
1432 2886 1542 2950 suffra—

432 3002 551 3079 gantur
565 2994 772 3078 epistolarum
791 2993 932 3056 omnium
954 2998 1015 3057 τῶν
1030 2991 1207 3056 ἐνδιαθέτου
1227 2990 1457 3074 inscriptiones,
1473 2998 1544 3054 tam

431 3094 461 3160 in
476 3096 610 3181 scriptis
624 3095 713 3159 libris
728 3116 825 3180 quam
839 3094 943 3159 editis.

472 3199 561 3263 Ibid.
574 3199 595 3263 l.
616 3220 661 3263 ιο.
678 3202 751 3262 κατὰ
765 3198 819 3262 τὸν
831 3197 934 3278 καιρὸν
944 3200 996 3276 τῆς
1011 3199 1135 3282 εἱρκτῆς]
1155 3195 1250 3260 Hanc
1265 3194 1432 3281 epistolam
1446 3194 1543 3279 scrip

427 3301 471 3366 sit
505 3301 694 3364 Alexander
721 3299 863 3363 fervente
891 3298 996 3363 adhue
1027 3298 1255 3384 persecutione,
1286 3319 1357 3361 eum
1389 3303 1474 3360 esset
1510 3297 1542 3359 in

425 3404 576 3480 vinculis,
591 3425 649 3467 nec
669 3403 746 3466 dum
765 3402 807 3465 ad
830 3400 1049 3486 episcopatum
1072 3400 1366 3485 Hierosolymorum
1386 3398 1541 3473 adscitus,

424 3513 466 3571 ut
481 3529 524 3570 ex
545 3505 597 3568 his
611 3504 715 3568 verbis
734 3510 880 3589 apparet.
926 3503 1013 3567 Hinc
1028 3518 1078 3567 est
1093 3503 1177 3587 quod
1198 3503 1231 3566 in
1251 3500 1457 3586 inscriptione
1478 3498 1542 3584 epi·

424 3607 524 3673 stolae
546 3606 688 3693 appellat
711 3628 745 3669 sc
767 3606 907 3669 vinetum
930 3604 1008 3669 Jesu
1027 3604 1157 3669 (lhristi.
1202 3604 1253 3667 Ex
1278 3626 1341 3688 quo
1365 3602 1541 3678 conficitur,

424 3706 516 3771 male
530 3707 565 3769 iu
580 3704 738 3771 Chronico
754 3703 883 3767 Eusebii
901 3703 1101 3788 Asclepiadis
1116 3704 1347 3769 ordinationem
1359 3704 1494 3768 conferri
1510 3703 1542 3766 in

425 3829 553 3875 annum
574 3808 711 3893 primurn
733 3805 888 3870 Antonini
909 3806 1092 3871 Caracallus.
1138 3807 1221 3870 Nam
1243 3806 1443 3891 Asclepiadis
1461 3806 1545 3869 ordi-

426 3912 525 3978 natio
548 3908 684 3995 contigit
708 3910 819 3973 eodem
842 3916 998 3993 tempore,
1012 3930 1076 3993 quo
1099 3908 1284 3972 Alexander
1305 3909 1346 3972 ob
1369 3906 1542 3973 Christiani

429 4012 572 4078 nominis
594 4010 822 4075 confessionem
845 4011 876 4074 in
898 4033 1057 4076 carcerem
1081 4012 1244 4095 conjectus
1267 4021 1327 4076 est.
1372 4012 1412 4075 Id
1434 4017 1542 4074 autem

430 4114 587 4180 accidisse
602 4114 785 4199 principatu
801 4112 910 4177 Severi
925 4112 993 4198 ipse
1009 4113 1167 4178 Eusebius
1181 4122 1321 4178 testatur
1332 4114 1364 4176 in
1375 4114 1542 4178 chronico.

433 4215 602 4278 Vaumrus.
647 4215 779 4278 Interea
805 4215 891 4277 haud
917 4215 1000 4279 uiale
1025 4216 1141 4279 statuit
1168 4217 1285 4280 Petrus
1312 4215 1371 4277 Th.
1388 4213 1543 4290 Caesiam,

433 4318 488 4404 qui
504 4317 612 4380 Rufini
627 4316 713 4379 Hia.
724 4316 976 4379 Eoohsiasticom
991 4340 1075 4381 anuo
1091 4336 1182 4399 1740.
1199 4318 1309 4381 Eomae
1320 4316 1432 4391 edidit,
1444 4316 1543 4400 suspi-

434 4420 501 4484 cari
523 4418 630 4491 licere,
656 4417 888 4495 Alexandrum,
905 4419 964 4481 sub
987 4418 1104 4483 Severo
1124 4420 1396 4504 comprehensum,
1419 4418 1543 4481 nonnisi

434 4530 508 4607 post
523 4520 639 4584 initum
658 4518 823 4604 imperium
840 4520 1015 4584 Caracalla
1036 4544 1054 4584 e
1074 4520 1203 4584 vinculis
1226 4521 1388 4584 dimissum
1408 4542 1487 4596 esse,
1502 4543 1542 4584 ex

434 4644 473 4685 eo
494 4622 578 4707 quod
603 4622 710 4684 Severi
733 4622 943 4706 persecutioni
966 4622 1062 4685 linem
1084 4622 1269 4707 imposuerit
1289 4622 1386 4706 ipsius
1409 4622 1543 4706 impera-

436 4724 515 4787 toris
537 4722 655 4786 obitus.
701 4723 781 4787 Cum
805 4733 914 4787 autem
939 4725 1027 4809 prius
1049 4726 1246 4809 expectanda
1268 4724 1385 4787 luerint
1407 4724 1449 4786 ab
1465 4724 1543 4786 urbe

437 4824 541 4889 Roma
562 4823 636 4886 novi
660 4824 863 4908 imperatoris
883 4826 998 4902 edicta,
1014 4849 1109 4910 quam
1130 4825 1301 4890 Christiani
1324 4847 1342 4888 e
1364 4824 1543 4887 carceribus

435 4927 659 4999 educerentur,
675 4926 752 4988 nihil
768 4927 907 5003 obstare,
924 4950 988 5011 quo
1008 4928 1111 4990 minus
1130 4928 1190 4990 hoc
1210 4926 1362 5011 temporis
1378 4923 1543 4987 intervallo

434 5030 475 5092 ad
496 5027 710 5113 episcopalem
734 5030 840 5092 sedem
866 5029 1071 5114 Asclepiades
1094 5039 1221 5093 evectus
1243 5029 1297 5105 sit,
1312 5038 1345 5091 et
1367 5027 1408 5090 ad
1433 5026 1543 5089 Antio·

434 5134 551 5198 ahenos
565 5130 728 5217 scripserit
744 5131 940 5196 Alexander.
987 5132 1166 5217 Scripserat
1182 5130 1339 5195 Eusebius
1353 5130 1415 5191 fine
1431 5149 1498 5211 cap.
1513 5129 1542 5191 8.

476 5256 545 5298 voa.
561 5256 595 5298 ιι.
984 5258 1002 5295 z
