3917 6467
509 1106 573 1167 222
824 1106 991 1172 JULlUS
1016 1107 1293 1174 AFRICANUS.

510 1314 574 1374 est.
625 1300 765 1396 dHujus
782 1315 836 1376 est
851 1306 1012 1399 Epistola
1028 1309 1072 1377 ad
1087 1306 1279 1401 Origenem
1298 1330 1403 1401 snper
1420 1311 1603 1401 quaestione

511 1427 699 1498 Susanna:
728 1452 770 1499 eo
788 1430 882 1521 quod
900 1430 996 1500 dicat
1013 1432 1049 1499 in
1069 1429 1222 1501 Hebraeo
1239 1431 1350 1502 ‘hanc
1368 1432 1525 1503 fabulam
1541 1456 1605 1503 non

510 1551 641 1634 haberi,
669 1575 733 1622 nea
759 1555 946 1624 convenire
974 1577 1056 1625 cum
1084 1553 1262 1625 Hebraica
1289 1555 1508 1651 etymologia
1531 1553 1605 1626 ‘dvi

511 1780 562 1840 illo
576 1781 663 1860 longe
674 1781 815 1841 diversam
830 1785 964 1843 observat
978 1784 1240 1845 desideratissimus
1251 1786 1402 1846 Relandus
1416 1788 1449 1846 in
1459 1786 1608 1846 Palaestim

511 1909 577 1968 pag.
594 1906 663 1965 427,
680 1890 748 1966 758.
771 1889 959 1949 Fsanrcrus.
1002 1895 1101 1969 Atque
1125 1892 1213 1970 hujus
1236 1894 1406 1973 posterioris
1428 1893 1511 1953 urbis
1530 1893 1608 1952 Afri·

511 2014 615 2054 canum
629 2015 688 2053 non
702 2005 818 2054 tantum
836 1996 960 2055 incolam
980 1996 1133 2057 sedetiam
1152 1999 1321 2078 episcopum
1333 2000 1435 2069 fuisse,
1450 2019 1520 2059 vero
1536 1997 1610 2058 haud

511 2098 641 2158 absimile
662 2109 716 2166 est,
732 2099 868 2176 quoniam
888 2097 1024 2159 Africani
1042 2100 1170 2180 episcopi
1191 2102 1379 2161 Emmauntis
1398 2102 1612 2162 Commentario

511 2203 542 2262 in
556 2203 676 2262 Novum
694 2203 916 2264 Testamentum
935 2216 966 2272 et
986 2206 1152 2266 Chronicon
1174 2219 1316 2267 memorat
1331 2207 1503 2286 Hebedjesu
1520 2208 1612 2269 Catal.

513 2310 575 2368 Lib.
586 2309 686 2388 Syror.
698 2330 728 2388 p.
742 2329 788 2386 15.
825 2309 867 2368 Et
882 2310 1044 2390 Dionysius
1058 2311 1225 2372 Bar-Salibi
1234 2311 1407 2392 Africanum
1422 2323 1531 2373 testem
1544 2313 1614 2372 citat

511 2417 678 2496 episcopum
689 2415 831 2475 Emmaus
846 2415 875 2473 in
888 2415 1106 2477 Commentario
1116 2437 1169 2477 sno
1179 2418 1210 2476 ln
1222 2418 1337 2497 Evang.
1372 2417 1454 2478 Vide
1463 2419 1613 2478 Asseman.

512 2521 586 2580 Bibl.
604 2520 737 2578 Oriental.
752 2531 822 2579 tom.
836 2520 879 2578 iii.
895 2541 924 2599 p.
942 2539 987 2594 ¹4·
1002 2532 1032 2580 et
1046 2532 1116 2580 tom.
1131 2521 1163 2581 ii.
1178 2542 1240 2598 cap.
1256 2540 1305 2597 32.
1320 2542 1350 2601 p.
1367 2541 1433 2598 130.
1483 2522 1614 2582 Fratrem

511 2626 627 2704 quidem
655 2625 827 2684 Africanum
856 2636 940 2684 vocat
971 2626 1116 2706 Origenes
1137 2627 1168 2684 in
1188 2627 1385 2706 Βεςροπςίοπε
1407 2627 1446 2686 ad
1468 2647 1548 2694 eum,
1566 2627 1616 2705 qui

512 2730 574 2810 ipse
597 2741 712 2789 tantum
740 2730 891 2808 presbyter
918 2730 987 2796 fuit,
1012 2732 1056 2789 uti
1082 2731 1152 2790 olim
1176 2731 1283 2808 objecit
1302 2731 1513 2792 Tillemontiua
1529 2733 1615 2792 Mear-

514 2836 592 2895 Eccl.
619 2846 690 2894 tom.
714 2834 755 2892 iii.
780 2855 809 2914 p.
829 2854 895 2893 111.
916 2835 967 2894 sed
992 2846 1060 2894 ante
1084 2836 1215 2895 Africani
1243 2837 1441 2915 episcopatum
1470 2837 1527 2897 hoc
1556 2837 1615 2896 fieri

510 2951 635 3020 poterat.
679 2939 817 2998 Nominis
832 2959 900 2999 vero
914 2939 1068 3020 Nicopolis
1081 2942 1223 3020 originem
1238 2953 1399 3002 etecusam
1418 2945 1543 3020 exponit
1563 2945 1617 3003 So.

513 3066 650 3106 nomenus
665 3047 746 3106 Hiat.
762 3047 844 3106 Eecl.
858 3048 977 3120 Ῥωμαῖοι
994 3051 1023 3105 δι’
1040 3051 1106 3121 μετὰ
1123 3051 1169 3120 τὴν
1188 3049 1288 3105 &laco
1299 3049 1494 3124 Ἱεροσολύμων
1511 3054 1554 3108 καὶ
1571 3055 1617 3123 τὴν

512 3156 575 3211 κατὰ
595 3160 647 3210 τῶν
665 3154 795 3210 Ἰουδαίων
816 3155 895 3224 νίκην,
917 3158 1062 3211 Νικόπολιν
1081 3157 1267 3228 ἀνηγόρευσαν·
1289 3157 1318 3211 ἐκ
1338 3157 1366 3211 σε’
1386 3159 1434 3212 τοῦ
1456 3159 1616 3228 συμβανεὸς,

512 3259 593 3318 οὕτως
617 3262 763 3330 ὠνόμασαν.
785 3257 835 3317 lib.
851 3278 878 3316 v.
894 3278 956 3335 cap.
974 3277 1022 3316 ar.
1066 3258 1113 3317 Ita
1131 3258 1285 3337 Nicopolis
1303 3259 1334 3316 in
1351 3258 1445 3337 Epiro
1467 3270 1536 3338 pon
1555 3261 1615 3318 Au·

513 3367 590 3445 gnati
606 3365 684 3444 apud
699 3365 816 3423 Actium
832 3363 982 3422 victoriam
998 3363 1138 3423 aedificata
1151 3377 1207 3423 eat.

556 3470 745 3530 dEuseb.vi.
757 3490 805 3546 31.
826 3471 973 3541 Ἐπιστολὴ
996 3472 1230 3546 ποῦεουὨριγένει
1252 3476 1387 3546 γραφεῖσα
1409 3475 1529 3546 φέρεται,
1552 3474 1614 3528 εἰπο-

514 3583 620 3651 ροῦντος
637 3578 671 3635 ὥς
688 3575 720 3632 ἂν
738 3578 815 3632 νόθου
833 3579 874 3632 καὶ
892 3580 1077 3647 πεπλασμένοις
1094 3581 1176 3646 οὔσης
1193 3579 1239 3646 τῆς
1258 3577 1287 3633 ἐν
1306 3582 1344 3653 τῷ
1356 3579 1456 3648 Δανιὴλ
1478 3581 1543 3634 πατὰ
1564 3588 1614 3633 Σιε-

516 3686 612 3739 σιίνναν
625 3683 749 3755 ἱστορίας,
764 3683 829 3755 πρὸς
843 3681 873 3751 ἣν
886 3682 1020 3755 Ὠριγένης
1033 3683 1186 3756 ἀντιγράφει
1199 3684 1375 3756 πληρεστατα.
1399 3682 1425 3739 F
1426 3700 1589 3741 amtlcws.

557 3791 677 3861 ‘Xaprir
692 3790 740 3858 μὲν
760 3786 927 3861 σύγγραμμα,
949 3790 1097 3859 νεωτερικὸν
1118 3789 1146 3843 δὲ
1166 3789 1207 3843 καὶ
1227 3790 1412 3858 πεπλασμένον
1431 3798 1519 3846 vocat
1540 3786 1614 3844 illam

516 3894 656 3967 περικοπὴν
671 3891 839 3957 Africanus,
856 3892 899 3960 (in
915 3891 989 3949 istac
1002 3891 1039 3950 ad
1053 3892 1210 3970 Origenem
1225 3892 1358 3971 epistola,
1371 3912 1439 3969 qua
1457 3893 1616 3951 etiamnum

517 3997 612 4067 extat)
635 3996 743 4056 rectius
764 3996 866 4073 utique
886 4016 972 4073 quam
997 3996 1186 4075 Porphyrius,
1209 4000 1258 4075 qui
1280 3996 1347 4056 ideo
1367 4008 1463 4056 totum
1489 3997 1617 4056 Danielis

517 4102 623 4161 librum
643 4102 765 4181 putabat
784 4101 877 4159 Greci
898 4101 1036 4161 ammonia
1053 4122 1114 4160 ease
1132 4113 1321 4173 commentam,
1338 4103 1406 4182 qaia
1427 4102 1456 4160 ιἰε
1480 4104 1618 4161 Satanae

508 4209 620 4288 subula
643 4209 829 4276 contineatur,
849 4209 958 4268 dicente
977 4209 1102 4267 Daniele
1121 4211 1162 4268 od
1179 4211 1368 4289 presbyteros,
1386 4210 1439 4266 ἀπὸ
1456 4216 1507 4266 roi»
1526 4211 1618 4281 σχίνου

519 4317 621 4388 σχίσαι,
636 4318 677 4372 καὶ
698 4317 749 4371 ἀπὸ
767 4322 814 4372 τοῦ
834 4317 925 4389 πρίνου
945 4317 1047 4388 πρίσαι,
1063 4324 1098 4372 ut
1116 4325 1200 4373 notat
1215 4313 1339 4372 Hieron.
1355 4315 1437 4394 prurf.
1452 4315 1484 4371 ln
1501 4313 1616 4372 Daniel.

521 4421 665 4480 Caeterum
676 4442 712 4481 ax
723 4421 829 4480 fabular
836 4419 976 4479 vocabulo
986 4441 1045 4478 non
1056 4422 1124 4480 licet
1138 4420 1310 4480 concludere
1321 4421 1517 4479 narrationem
1529 4420 1617 4499 ipsam

520 4549 573 4609 pro
593 4528 665 4588 falsa
688 4528 753 4588 ideo
774 4529 900 4586 habitam
921 4529 958 4586 ab
980 4529 1168 4606 Hieronymo,
1189 4527 1325 4604 quoniam
1347 4525 1449 4584 eodem
1472 4526 1616 4585 interdum

455 4711 460 4720 ,
519 4636 607 4695 etiam
627 4636 664 4695 de
681 4636 837 4694 verissimis
855 4635 941 4694 rebus
960 4633 1212 4709 testatissimiaqnc
1234 4632 1345 4689 utitur:
1368 4641 1403 4688 nt
1423 4632 1453 4688 in
1470 4631 1568 4710 Epist.
1583 4632 1617 4689 ad

522 4739 645 4798 Philem.
660 4761 689 4819 p.
704 4741 773 4814 448.
817 4740 946 4818 Longum
965 4748 1006 4797 est
1025 4739 1139 4796 diversa
1154 4735 1290 4796 lodicum
1302 4745 1386 4815 gesta
1400 4757 1578 4814 percurrere,
1593 4745 1616 4794 el

521 4853 607 4906 totam
624 4844 770 4903 Santonis
773 4843 912 4924 sabulum
925 4843 966 4902 od
979 4843 1039 4902 veri
1052 4841 1129 4910 aclis,
1144 4842 1196 4900 loe
1209 4841 1312 4920 quippe
1328 4861 1425 4900 nomen
1445 4843 1511 4920 ejus
1528 4850 1616 4904 conat,

521 4950 636 5010 trahere
654 4948 1080 5009 sacramentum..1·¹asmcrus.
1123 4945 1173 5003 Ad
1191 4943 1365 5004 Africanum
1388 4965 1457 5005 vero
1477 4947 1556 5024 quod
1576 4956 1616 5004 at-

522 5053 606 5118 tinet,
621 5053 647 5111 is
660 5053 791 5132 profecto
805 5071 842 5111 ue
857 5050 971 5110 veritati
987 5049 1103 5128 quidem
1119 5049 1291 5107 narrationis
1304 5049 1430 5108 favebat.

562 5155 632 5215 ‘’Er
644 5160 692 5230 μεν
704 5157 750 5215 οὖν
762 5157 924 5229 Ἑλληνικαῖς
936 5160 1036 5230 φοναῖς
1048 5157 1081 5212 rtl
1094 5159 1200 5211 τοιαῦτα
1213 5157 1364 5227 συμφωνεῖν
1383 5153 1532 5225 συμβαίνει·
1551 5153 1615 5225 παρὸ
