3917 6467
426 1081 489 1144 120
804 1080 1157 1147 ANNOTATIONES

424 1251 478 1314 lin.
493 1270 528 1336 3.
582 1250 664 1315 Rem
691 1251 786 1315 aliter
813 1252 1051 1317 administravit
1075 1251 1109 1315 in
1138 1251 1405 1336 interpretatione
1430 1250 1523 1335 Vige-

425 1373 489 1415 rus.

470 1454 509 1518 P.
527 1455 596 1516 106.
613 1453 634 1517 l.
653 1470 699 1534 ¹7.
720 1455 812 1521 οὕτως
828 1454 903 1542 ἔχιν]
921 1454 975 1520 ltu
987 1453 1140 1518 Plilooal.
1153 1462 1188 1519 et
1199 1452 1535 1539 ΜοίάοιίίίΕυοτφίοτ·

426 1577 484 1716 gro
508 1557 599 1622 ottus
621 1556 694 1639 ἔχει.
741 1555 851 1621 Verbo
874 1557 1028 1630 conferes,
1045 1579 1116 1641 quae
1141 1578 1238 1641 supro
1261 1555 1362 1619 habes
1381 1576 1455 1641 pag.
1476 1571 1525 1639 95.

438 1676 480 1718 m.
494 1674 543 1718 10.

470 1756 508 1818 Ρ.
525 1773 596 1837 107.
611 1755 633 1818 l.
644 1775 675 1836 4
692 1758 890 1861 ἀναιρετικὸν]
911 1758 966 1821 Itu
981 1755 1133 1820 Ρλίίοοαί.
1149 1763 1184 1821 et
1195 1756 1350 1820 Malodii
1363 1757 1531 1842 Eooorptor

426 1879 486 1942 pro
511 1857 733 1938 ἀνατρεπτικόν.
786 1858 1010 1944 Saepenumero
1039 1858 1073 1921 in
1102 1858 1319 1943 superioribus
1344 1859 1530 1940 ἀναιρετικὸν

427 1958 606 2022 adhibetur.

473 2059 556 2122 Ibid.
572 2058 590 2121 l.
604 2081 635 2140 4.
660 2064 697 2123 τὰ
718 2064 751 2125 ἀὲ
774 2066 824 2139 τῆς
842 2061 1055 2146 ὕλης-ἐστιν]
1081 2060 1154 2124 Ηοο
1175 2061 1352 2123 membrum
1377 2059 1530 2123 orationis

429 2159 606 2223 Philocolio
631 2161 796 2245 supplevit.
852 2162 959 2226 Hodie
986 2161 1071 2224 enim
1101 2183 1122 2225 a
1146 2161 1386 2246 Proepamtione
1410 2160 1528 2244 Εοοτιρ.

428 2262 539 2337 obest3
563 2262 638 2326 olim
660 2284 735 2326 vero
757 2263 892 2327 sortasse
916 2261 1075 2346 Georgius
1100 2262 1341 2346 Trapezuntius,
1360 2261 1415 2345 qui
1434 2261 1530 2324 Euse-

430 2363 515 2427 bium
545 2363 775 2449 interpretutus
800 2372 861 2441 est,
886 2365 919 2427 in
944 2365 1052 2429 eodiee
1081 2387 1138 2429 suo
1168 2364 1276 2455 simile
1297 2363 1373 2448 quid
1402 2363 1530 2428 invenit.

430 2465 542 2529 Habet
568 2485 692 2549 quoque
715 2465 867 2529 Metlodli
888 2466 1071 2550 Ευοοφίον,
1096 2469 1189 2529 τοῦτο
1217 2467 1249 2528 δὲ
1271 2467 1444 2544 ἀνοιρετικά
1463 2488 1529 2544 τυγ·

428 2568 526 2651 χάνει.

474 2668 558 2731 Ibid.
573 2668 593 2731 l.
611 2671 640 2731 6.
670 2668 731 2732 οὐδ’
756 2669 831 2733 αὐτὸ
859 2670 980 2733 ἔσονται
1000 2669 1072 2753 ὕλη]
1100 2667 1286 2752 Suspioetur
1308 2666 1466 2751 quispiam
1491 2665 1532 2730 le·

428 2772 567 2855 gendum
587 2793 666 2844 esse,
682 2771 741 2835 οὐδ’
758 2773 831 2835 αὐτὰ
854 2772 975 2834 ἔσονται
989 2773 1046 2850 ίίλη
1068 2773 1131 2851 μία,
1152 2777 1190 2833 ut
1212 2790 1309 2853 supro
1322 2767 1377 2830 lin.
1396 2789 1405 2830 ι
1412 2787 1444 2851 3.
1489 2766 1532 2830 Et

430 2872 670 2937 Genebrordum
685 2873 788 2951 rideo,
805 2873 858 2957 qui
873 2873 1081 2937 Plibooliom
1098 2871 1272 2956 Ortyembe
1292 2871 1384 2934 oodd.
1402 2869 1531 2934 MSStie

429 2975 658 3059 interpretatus
682 2982 741 3050 est,
757 2975 804 3038 ito
826 2975 970 3052 vertisse,
984 2997 1043 3038 υοιν
1063 2984 1152 3038 mmo
1171 2973 1263 3036 υυίυτ
1281 2972 1430 3048 muria,
1445 2992 1533 3057 nequo

429 3097 493 3139 υννο
507 3076 646 3140 macria.
693 3075 755 3139 Sed
772 3076 849 3139 nihil
865 3076 1054 3140 mutandum
1068 3097 1137 3139 esse
1151 3074 1234 3138 infru
1248 3074 1382 3159 patebit.

475 3179 558 3241 Ibid.
575 3179 594 3241 l.
617 3180 663 3241 16.
688 3179 722 3242 τὸ
735 3179 776 3258 μὴ
796 3179 873 3242 εἶναι
891 3178 945 3256 τὴν
958 3176 1035 3255 ὕλην
1050 3178 1208 3260 δείκνυται]
1235 3176 1392 3260 Georgius
1407 3175 1533 3259 quidem

431 3279 670 3363 Trapezuntius‚
687 3301 780 3363 quem
796 3278 864 3363 plus
876 3278 971 3342 semel
984 3277 1237 3350 commemoravi,
1246 3276 1349 3340 loeum
1361 3277 1410 3341 ita
1420 3277 1534 3341 Latine

431 3381 607 3464 expressit;
633 3382 708 3444 Cum
722 3391 821 3445 autom
836 3380 910 3443 oliae
924 3401 1025 3444 rerum
1044 3379 1118 3442 aliis
1137 3387 1333 3463 ορηνουυοίυτ,
1349 3400 1409 3440 ooo
1424 3379 1534 3442 eadem

430 3503 488 3545 osse
502 3482 624 3550 uidetur
642 3483 773 3546 oratoria
787 3482 928 3545 οινυίυνν.
975 3481 1014 3542 In
1033 3480 1179 3543 omnibus
1199 3487 1306 3544 tamen
1326 3479 1417 3543 libris
1439 3479 1533 3543 leobio

431 3591 560 3667 recepte
575 3590 678 3660 extat,
692 3606 793 3668 neque
808 3583 905 3647 etiam
921 3583 1147 3646 Genebrordus
1166 3583 1199 3645 in
1214 3581 1391 3645 Ρίιίίοοοίία
1405 3603 1464 3644 suo
1483 3581 1533 3644 hie

432 3686 560 3769 quidem
575 3685 733 3749 diversum
748 3685 824 3769 quid
835 3684 950 3769 posuit.
990 3687 1070 3747 Post
1085 3683 1138 3746 ille
1153 3691 1262 3747 autem
1276 3683 1310 3745 τὸ
1319 3683 1360 3761 μὴ
1373 3682 1450 3746 εἶναι
1462 3683 1533 3746 sub

431 3786 623 3849 audiendum
648 3793 698 3850 est
724 3787 797 3849 αὐτὰ
821 3785 880 3848 hoc
901 3792 951 3849 est
976 3790 1012 3849 τά
1032 3786 1230 3865 ἀντικείμενα,
1258 3785 1416 3868 quomodo
1438 3805 1534 3870 supro

432 3887 599 3972 colligitur.

478 3988 561 4051 Ibid.
589 3989 750 4072 δείκνυται]
791 3988 831 4049 In
862 3988 1099 4070 Proeparolione
1133 3988 1252 4071 Εοαυρ.
1288 3985 1448 4050 Eusebius
1481 3987 1536 4050 ed·

432 4091 535 4164 didit;
559 4094 700 4153 Τοσαῦτα
720 4091 768 4152 rol
791 4092 807 4150 ὁ
830 4090 1032 4169 προδηλωθεὶς
1054 4091 1255 4170 συγγραφεύς.
1295 4089 1335 4150 ln
1360 4089 1536 4153 Pltilooubio

432 4199 538 4256 eutem
556 4191 707 4255 scholium
723 4191 773 4253 hie
788 4190 948 4273 adjectum
963 4197 1024 4265 est,
1036 4189 1120 4272 quod
1136 4211 1232 4274 supro
1247 4191 1341 4254 attuli
1353 4190 1386 4253 in
1397 4191 1536 4268 Monito,

431 4296 534 4355 Ταῦτα
547 4292 605 4355 ὑπὸ
620 4292 672 4354 τοῦ
687 4289 724 4365 ὅ.
740 4293 834 4371 λόγου
852 4295 903 4367 τῆς
924 4290 1076 4368 Εὗσεβίου
1095 4294 1147 4353 τοῦ
1163 4292 1327 4371 Παμφίλου
1343 4292 1536 4374 εὐογγελικῆς

432 4397 677 4473 τροπαροσκευῆς
699 4390 956 4471 παρεκβίβληται.
1003 4390 1142 4469 Μαξίμου
1165 4390 1197 4455 δέ
1221 4396 1308 4464 εἰσιν,
1335 4395 1375 4458 ὥς
1401 4402 1497 4474 φησιν
1519 4398 1535 4457 d

434 4494 521 4559 αὐτὸς
550 4491 707 4571 Εὐσέβιος,
734 4493 786 4555 οὐκ
816 4491 932 4571 ἀσήμου
962 4495 996 4554 ἐν
1025 4498 1085 4558 τοῖς
1114 4499 1305 4573 Χριστιανοΐς
1334 4493 1536 4576 συγγραφέως

435 4585 583 4679 (elogium
609 4602 659 4657 est
682 4594 724 4658 ub
749 4593 889 4656 Eusebio
913 4593 1053 4678 τῇρήσει
1076 4594 1300 4677 praemissum).
1328 4595 1485 4673 αὐτολεξεὶ
1510 4595 1534 4660 δ’

434 4695 551 4776 εὕρηται
573 4697 665 4759 ταῦτα
688 4697 819 4774 κείμενα,
835 4695 883 4756 καὶ
905 4696 939 4755 ἐν
961 4698 1001 4778 τῷ
1016 4693 1194 4775 Ὠριγέυους
1214 4696 1287 4776 πρὸς
1309 4701 1538 4775 Μορκιουιστᾶς

434 4799 481 4859 καὶ
496 4799 608 4863 ἀλλους
623 4797 784 4876 αίρετικοὺς
798 4793 938 4878 ἀναλόγῳ,
957 4795 1122 4875 Εὐτροπίου
1137 4795 1312 4869 δικάζοντος,
1330 4801 1484 4877 Μεγεθίου
1504 4801 1535 4860 δὲ

434 4895 652 4978 ἀντιλέγοντος.
687 4897 830 4959 Jounnes
845 4895 991 4969 Turinus,
1008 4896 1061 4978 qui
1076 4896 1228 4959 scholium
1242 4898 1352 4973 edidit,
1364 4899 1432 4975 ait3
1455 4921 1536 4964 sum·

433 5018 555 5061 morum
577 4997 809 5081 theologorum,
825 4995 933 5059 Basilii
953 5004 986 5059 et
1010 4997 1168 5081 Gregorii,
1184 4999 1237 5081 qui
1263 4999 1474 5064 Philoeuliem
1496 5023 1534 5065 ex

432 5098 528 5161 variis
553 5096 698 5181 Origenis
723 5104 890 5159 comment.
916 5105 1152 5181 exeerpsemnt,
1183 5099 1266 5163 hene
1289 5120 1367 5177 esse,
1393 5123 1458 5165 non
1483 5122 1534 5165 ex·
