3917 6467
430 1090 497 1155 872
803 1092 1155 1160 ANNOTATIONES

434 1253 507 1332 Σῆμ,
525 1256 725 1340 ἔξακοσιοστῷ
747 1258 779 1318 δὲ
799 1262 851 1319 τοῦ
871 1263 951 1333 Nee,
967 1259 1016 1321 καὶ
1029 1256 1143 1344 βσξβ.
1168 1259 1230 1323 ἔτει
1249 1260 1398 1341 γενίσευτ
1418 1263 1507 1340 πίομαι

434 1354 555 1434 ἐγένετο
576 1357 594 1416 d
614 1356 821 1434 κατακλυσμὸς
841 1359 890 1420 ἐπὶ
910 1363 962 1436 τῆς
982 1362 1044 1439 γῆς.
1067 1363 1199 1421 τοσαῦτα
1221 1361 1255 1423 δὲ
1274 1359 1366 1442 μέχρι
1383 1360 1433 1425 τὸν
1450 1361 1509 1437 (ίοτ.

433 1460 532 1533 τοῦδε)
550 1458 678 1519 ἐνταῦθα
693 1458 740 1520 καὶ
754 1460 772 1520 ὁ
786 1457 966 1539 Ἀφρικανὸς
980 1458 1160 1540 συνήγαγεν,
1177 1460 1281 1538 ἐπειδὴ
1302 1462 1352 1525 καὶ
1370 1464 1406 1525 τδ
1423 1464 1512 1543 tepidi

433 1558 485 1633 τῆς
500 1555 652 1623 Γενέσεως
666 1560 777 1636 βιβλία
792 1558 872 1639 prrs'.
895 1561 997 1639 φαίνει
1015 1564 1068 1623 τοῦ
1082 1564 1276 1627 masmana
1298 1562 1361 1640 ἔτη,
1377 1564 1423 1625 καὶ
1439 1565 1514 1629 oh«

434 1655 526 1717 αὐτὸν
547 1661 691 1736 γεννῆσαι
712 1657 766 1721 τὸν
780 1659 897 1742 Λάμεχ.
912 1681 943 1744 p.
960 1678 1010 1722 21.
1026 1660 1075 1722 od.
1091 1659 1263 1744 Dueangii,
1277 1682 1310 1745 p.
1326 1664 1379 1745 36.
1394 1662 1441 1726 ed.
1455 1683 1514 1725 nor.

435 1755 588 1819 Similiter
615 1756 824 1841 Epiphanius,
841 1760 920 1824 Ado.
940 1761 1057 1825 Here.
1082 1762 1109 1824 Ι.
1135 1781 1160 1824 ι.
1183 1769 1357 1845 postquam
1378 1764 1514 1839 miravit.

434 1857 466 1918 in
492 1879 569 1920 area
593 1865 754 1921 serratum
779 1860 853 1924 Noe
873 1861 979 1937 fuisse,
1003 1862 1070 1926 haee
1094 1862 1201 1939 habet
1226 1864 1275 1926 καὶ
1301 1867 1379 1928 οὕτω
1397 1868 1515 1946 aspidis

433 1959 539 2036 δεκάτη
554 1963 646 2039 γενεὰ
659 1959 693 2022 δι’
706 1962 781 2023 ἐτῶν
794 1965 951 2044 δισχιλίων
964 1966 1122 2027 διακοσίων
1133 1966 1340 2042 ἑξηκονταδύο.
1357 1967 1405 2029 καί
1415 1969 1432 2029 δ
1442 1990 1515 2029 κατα·

434 2059 567 2137 κλυσμὸς
587 2059 742 2121 πέπανται.
762 2081 794 2121 n.
813 2084 847 2138 4.
869 2082 900 2144 p.
920 2080 951 2145 5.
974 2061 1025 2124 ed.
1046 2061 1180 2126 Patavii.
1224 2064 1391 2150 Joseppus
1408 2064 1514 2141 itidun,

433 2159 538 2223 saeenli
561 2158 675 2242 quinti,
695 2159 742 2223 vel
764 2160 847 2224 sexti
868 2161 1015 2236 fortasse,
1035 2161 1172 2247 scriptor
1192 2163 1226 2225 in
1247 2163 1366 2229 Libello
1386 2186 1442 2229 suo
1458 2166 1514 2229 Me·

432 2260 557 2323 meriali
574 2282 596 2323 a
609 2259 644 2322 J.
662 2263 704 2323 A.
723 2260 871 2325 Fabricio
890 2262 1025 2346 primum
1045 2263 1132 2326 edito
1151 2263 1185 2325 in
1199 2263 1390 2329 Bibliotheca
1408 2269 1512 2341 crea

432 2356 588 2424 deinde'a
605 2360 739 2426 Venetis
752 2363 928 2446 Appeadioi
942 2360 1136 2426 Bibliotheca
1150 2364 1288 2428 Petram
1307 2366 1512 2431 Galleadim

430 2461 553 2536 addito,
565 2461 670 2545 capite
680 2462 748 2546 ejus
764 2483 772 2524 ι
780 2483 832 2545 50,
844 2463 913 2541 (ubi
928 2484 999 2526 eum
1014 2463 1144 2547 periodo
1156 2464 1388 2544 Alexandrina,
1397 2488 1510 2550 eumque

431 2562 553 2625 Graeeis
563 2562 646 2626 hano
655 2562 799 2626 Africani
809 2563 1044 2648 chronologiam
1055 2565 1270 2648 sequentibus,
1280 2567 1508 2651 signantnranni

430 2664 472 2725 ad
485 2663 733 2727 incarnationem
748 2664 864 2729 Christi
880 2686 901 2728 a
912 2664 1041 2728 condito
1052 2666 1170 2729 mundo
1180 2671 1293 2750 5500.)
1306 2667 1415 2733 itidem
1427 2689 1508 2733 annu

432 2768 527 2829 2262.
542 2764 585 2827 ab
602 2765 708 2828 Adam
722 2766 764 2828 ad
781 2765 849 2829 Nee
863 2773 1039 2852 computat.

948 3115 1014 3178 IX.

474 3265 512 3327 P.
529 3283 601 3343 244.
616 3264 635 3327 l.
661 3283 691 3327 2.
713 3269 800 3328 Μετὰ
822 3268 854 3328 δὲ
876 3266 930 3328 τδν
952 3265 1161 3343 κατακλυσμὸν
1184 3266 1256 3350 διο]
1281 3267 1448 3332 Praelixum
1469 3272 1509 3330 est

429 3366 612 3445 Ἀφρικανοῦ
627 3386 740 3427 nomen
760 3366 845 3448 apud
862 3366 1022 3449 Georcium
1038 3366 1207 3448 Syacellam
1227 3388 1260 3449 p.
1276 3368 1329 3431 86.
1375 3367 1451 3431 Haec
1466 3388 1509 3431 au

431 3471 496 3528 tem
507 3472 583 3528 ante
595 3464 771 3546 syncellum
784 3466 905 3528 editum
915 3488 936 3529 a
948 3466 1108 3549 Scaligero
1119 3466 1151 3529 in
1161 3465 1337 3530 Ειιοαόἰανα
1348 3489 1404 3530 ενα
1414 3489 1479 3551 pag.
1488 3486 1511 3548 9.

429 3565 548 3648 partim
562 3564 664 3628 relata
678 3566 814 3628 luerent.

473 3667 556 3730 Ibid.
579 3666 599 3729 l.
622 3686 653 3749 3.
676 3666 830 3747 Ἀρφαξὰδ
852 3670 884 3729 δὲ
906 3669 1077 3752 γενόμενος]
1107 3668 1303 3733 particulam
1323 3672 1356 3732 δὲ
1376 3692 1397 3733 a
1421 3671 1514 3733 Geato

428 3769 577 3831 omissam
600 3767 776 3851 prestabat
797 3767 946 3851 Scaliger,
970 3790 1064 3852 quem
1085 3778 1216 3832 tuentur
1236 3771 1354 3833 usse
1372 3769 1515 3842 Pariani,

428 3870 623 3951 eandemque
638 3890 720 3930 nune
735 3869 855 3952 recepit
872 3868 1063 3933 Dinderlius.

473 3970 554 4033 Ibid.
571 3971 664 4050 γεννᾷ
679 3970 732 4031 τὸν
747 3969 845 4052 Σαλὰ]
868 3969 983 4053 Neque
999 3969 1170 4034 Africanus
1185 3992 1287 4053 neque
1303 3970 1460 4035 Eusebius
1473 3970 1517 4031 τὸν

427 4072 564 4150 δεύτερον
588 4075 703 4132 Καϊνὰν
729 4078 892 4133 recensent
917 4072 950 4133 in
973 4071 1162 4153 posteritate
1187 4073 1270 4147 Sem,
1294 4093 1391 4154 quem
1413 4086 1519 4156 praeter

426 4170 652 4234 auctoritatem
676 4168 827 4231 Hebraiei
853 4177 921 4232 tam
943 4171 964 4232 J
967 4172 1138 4245 udaeorum,
1162 4192 1257 4254 qnam
1285 4172 1520 4247 Sanmritamm,

426 4271 542 4334 codicis
557 4271 655 4333 editio
670 4271 874 4353 septuaginta
895 4271 1060 4333 Saniorum
1081 4272 1204 4355 posuit:
1228 4272 1315 4355 quod
1334 4294 1431 4335 neme
1449 4272 1520 4348 seire

427 4392 528 4455 neque
551 4371 635 4431 unde
657 4370 821 4433 hauserint
845 4371 962 4453 potuit,
977 4393 1080 4454 neque
1104 4393 1160 4433 eur
1183 4371 1358 4454 posuerint,
1375 4373 1521 4436 haetenus

426 4493 553 4534 eausam
577 4472 720 4534 reddere.
766 4472 868 4534 Extat
890 4494 1016 4554 queque
1038 4473 1070 4534 in
1091 4471 1276 4555 genealogia
1294 4472 1424 4536 Messiae
1443 4473 1521 4557 apud

426 4572 555 4635 Lucam.
601 4573 706 4650 Quare
729 4579 778 4634 est
799 4572 896 4647 locus,
913 4573 965 4654 qui
981 4572 1072 4636 valde
1091 4573 1282 4655 interpretes
1305 4582 1375 4635 tum
1395 4582 1520 4649 veteres,

424 4682 492 4737 tum
509 4695 606 4735 noves
621 4672 927 4755 torsit—Atqui
948 4694 1050 4755 neque
1066 4672 1236 4735 Africanus
1251 4693 1354 4756 neque
1370 4673 1522 4736 Eusebius

425 4775 482 4836 seli
498 4775 558 4837 hec
578 4775 738 4843 secernam
764 4773 909 4855 exemplo
928 4773 1012 4835 enim
1028 4773 1075 4836 vel
1095 4793 1214 4848 eorum,
1231 4771 1278 4834 vel
1301 4774 1521 4857 antiquiomm,

426 4874 607 4958 chronologi
628 4874 710 4936 hune
726 4874 865 4947 Κοῖνον,
883 4895 974 4955 quem
995 4873 1102 4936 Judaei
1123 4883 1158 4936 et
1178 4872 1347 4937 Samaritae
1368 4874 1520 4955 ignorant,

425 4975 607 5050 omisemnt‚
639 4996 740 5056 neque
770 4974 968 5057 Epiphanius
1002 4974 1146 5057 agirescit
1176 4973 1287 5036 haeresi
1321 4974 1517 5038 Melchisedi·

424 5095 530 5138 earum
558 5098 587 5159 p.
613 5078 684 5157 205.
710 5075 858 5137 Seunmsn
881 5076 916 5136 ia
944 5076 1057 5138 (οἴνοιο
1080 5073 1216 5148 Ercaehii,
1241 5096 1271 5157 p.
1295 5095 1372 5156 409.
1427 5076 1518 5139 Recte
