3917 6467
500 1106 565 1172 166
821 1108 1069 1189 usnemu
1096 1107 1273 1173 sAcRAE.

499 1267 626 1372 ἀνδρὸς
644 1269 807 1372 ἐναρέτου
826 1274 884 1349 καὶ
902 1271 1060 1367 δοκίμου·
1092 1267 1134 1348 ὃν
1151 1269 1229 1348 ’ίστε
1249 1271 1308 1347 καὶ
1324 1269 1420 1366 ὑμεῖς
1437 1270 1499 1345 καὶ
1521 1267 1598 1346 ἔπι·

497 1403 697 1506 γνώσεσθε·
729 1402 767 1488 ὃς
785 1409 843 1484 καὶ
860 1403 983 1484 ἐνθάδε
1001 1402 1127 1506 παρὸν
1145 1402 1237 1483 κατὰ
1251 1401 1317 1501 τὴν
1343 1399 1518 1504 πρόνοιαν
1544 1403 1603 1479 καὶ

497 1538 697 1638 ε’πισκοοιὴν
715 1549 779 1619 τοῦ
798 1538 1002 1635 Δεσπὸτου,
1014 1536 1228 1644 ἐπεστήριξέ
1241 1572 1280 1617 τε
1299 1542 1358 1616 καὶ
1375 1536 1519 1643 ηὔξησε
1536 1534 1603 1633 τὴν

497 1683 561 1754 τοῦ
582 1675 716 1776 Κυρίου
735 1675 939 1773 ἐκκλησίαν.
999 1692 1112 1750 Extant
1126 1693 1186 1751 hec
1200 1691 1319 1750 ibidem.

498 1856 668 1950 probatum:
699 1875 784 1933 quem
808 1877 858 1913 vos
879 1868 910 1914 et
930 1855 1022 1913 nostis
1072 1853 1141 1911 dum
1156 1852 1203 1910 hie
1217 1851 1295 1931 apud
1310 1871 1362 1909 nos
1372 1861 1626 1929 praemetuens

494 1955 554 2012 Jam
569 1936 733 2015 etamplius
743 1936 930 2014 cognoscetis.
960 1935 1021 2005 Qui
1072 1931 1220 1991 ecclesiam
1236 1932 1346 1989 Christi
1366 1943 1396 1989 et
1415 1931 1603 1989 eonfirmsvit

449 2046 453 2055 ·
497 2015 614 2092 quidem
632 2017 688 2074 Dei
703 2027 777 2074 nutu
792 2036 825 2074 ac
842 2015 1023 2095 providentis
1072 2025 1102 2072 et
1116 2033 1290 2091 magnopere
1303 2013 1396 2070 suxit.

896 2191 1188 2236 4-

971 2334 1022 2383 ΒΧ
1040 2333 1125 2382 mus

742 2435 962 2494 EPISTOLAE
988 2435 1047 2493 AD
1070 2433 1350 2493 ANTINOITAS.

552 2572 771 2677 Ἀσπάζεται
790 2576 880 2673 ὑμᾶς
899 2574 1114 2677 Νάρκισσος
1132 2576 1152 2652 ὁ
1170 2570 1242 2675 πρὸ
1266 2574 1352 2672 ἐμοῦ
1379 2572 1514 2651 διέπων
1537 2569 1604 2651 τὸν
1616 2608 1647 2646 ιο

495 2707 608 2788 τόπον
634 2712 698 2806 τῆς
727 2710 925 2807 ἐπισκοπῆς
956 2706 1020 2787 τὸν
1052 2705 1184 2804 ἐνθάδε,
1213 2709 1271 2785 καὶ
1303 2714 1367 2784 νῦν
1397 2705 1599 2811 συνεξετα-

496 2841 639 2944 ζόμενός
656 2876 717 2940 μοι
739 2841 797 2921 διὰ
822 2849 894 2921 τῶν
918 2844 1042 2948 εὐχῶν,
1062 2841 1187 2922 ἑκατὸν
1212 2840 1341 2947 δεκαέξ
1364 2841 1425 2939 ἔτη
1448 2840 1602 2940 ἠνυκῶς,

495 2982 716 3078 παρακαλῶν
734 2978 824 3075 ὑμᾶς
843 2979 971 3074 ὁμοίως
989 2978 1066 3076 ἐμοὶ
1085 2978 1345 3079 ὁμοφρονῆσαι.
1405 2993 1524 3053 Attulit
1539 2994 1602 3053 haec

497 3112 639 3170 Eusebius
654 3111 722 3169 ibid.

538 3262 654 3321 Salutat
670 3284 719 3321 vos
734 3261 898 3331 Narcissus,
908 3266 957 3342 qui
968 3285 1020 3322 an.
1070 3284 1161 3322 annos
1176 3275 1262 3322 natus
1275 3261 1418 3321 sexdecim
1429 3280 1521 3340 snpra
1531 3283 1601 3321 een.
1613 3281 1644 3337 15

497 3356 583 3401 teme
592 3344 783 3422 episcopalem
793 3345 881 3421 hujus
891 3345 1020 3404 ecclesius
1070 3355 1150 3402 tum:
1188 3345 1380 3420 hortaturque
1404 3362 1456 3400 vos
1483 3362 1599 3402 meeum

496 3422 592 3481 sedem
609 3425 713 3493 tenuit,
729 3435 759 3481 et
780 3425 829 3500 qui
852 3446 928 3484 nunc
948 3426 1018 3482 mihi
1071 3437 1104 3482 ut
1118 3425 1194 3482 idem
1209 3444 1310 3483 omnes
1323 3422 1465 3481 sentiatis.

495 3503 669 3578 conjunctus
699 3514 744 3562 est
771 3504 801 3561 in
829 3507 1018 3571 orationibus,

896 3709 1225 3744 ...φ-

1022 3879 1072 3928 EX

765 3978 978 4037 EPISTOLA
1001 3979 1061 4036 AD
1083 3976 1327 4035 ORIGENEM.
1611 4004 1645 4042 20

551 4112 670 4185 Τοῦτο
688 4105 759 4208 γὰρ
778 4109 836 4186 καὶ
856 4107 997 4207 θέλημα
1016 4113 1111 4186 Θεοῦ
1129 4109 1177 4188 ὡς
1197 4101 1294 4187 οἶδας
1313 4101 1469 4205 γέγονεν,
1490 4106 1548 4185 ἵνα
1575 4106 1599 4203 ἡ

495 4238 568 4318 ἀπὸ
587 4240 776 4342 προγόνων
794 4242 878 4339 ἡμῖν
896 4242 1002 4348 φιλία
1020 4242 1108 4345 με’νῃ
1126 4241 1274 4322 ἄσυλος·
1295 4237 1498 4336 μᾶλλονδὲ
1517 4247 1599 4341 θερ-

495 4369 669 4476 μοτέραῇ
690 4378 749 4451 καὶ
766 4378 989 4480 βεβαιοτέρα.
1018 4374 1173 4477 πατέρας
1190 4372 1261 4475 γὰρ
1284 4373 1389 4471 ἴσμεν
1413 4371 1497 4457 τοὺς
1521 4408 1593 4471 μα·

497 4509 637 4608 καρίους
651 4510 800 4593 ἐκείνους
814 4510 897 4595 τοὺς
914 4510 1213 4614 προοδεύσαντας,
1223 4506 1313 4611 πρὸς
1326 4507 1385 4591 οὓς
1402 4510 1598 4608 μετολιρον

497 4639 662 4740 ἐσόμεθα·
685 4641 887 4724 Πάνκαινον
904 4644 968 4724 τὸν
979 4641 1154 4744 μακάρων
1168 4646 1215 4725 ὡς
1229 4644 1374 4740 ἀληθῶς
1386 4645 1444 4720 καὶ
1463 4642 1594 4747 κύριον·
1606 4683 1638 4739 ²5

540 4836 613 4892 Hoee
634 4837 710 4893 enim
727 4837 783 4895 Dei
799 4839 931 4897 voluntas
950 4840 1017 4904 fuit,
1071 4839 1173 4897 Patres
1184 4839 1292 4916 quippe
1302 4837 1485 4914 agnoscimus
1496 4841 1595 4897 beatos

497 4925 532 4972 ut
547 4917 630 4982 nosti,
645 4935 703 4991 quo
714 4919 839 4975 amicitia
850 4931 948 4976 nostra
958 4920 1019 4994 jam
1070 4918 1135 4976 illos
1149 4919 1198 4995 qui
1214 4917 1289 4975 vium
1305 4917 1387 4975 nobis
1407 4919 1593 4995 praeiverunt,

498 4994 566 5052 inde
580 5015 597 5052 s
610 4995 768 5070 majoribus
784 4998 926 5063 inchoate,
941 5019 1020 5056 sacru
1069 5010 1099 5055 et
1123 5017 1196 5074 quos
1221 4997 1299 5055 brevi
1323 4998 1452 5055 secuturi
1474 5018 1591 5068 sumus;

497 5085 585 5150 atque
609 5073 746 5134 inviolate
771 5089 909 5148 muneret,
931 5078 1019 5135 immo
1071 5077 1242 5135 Pentaenum
1262 5076 1371 5134 seilicet
1390 5096 1457 5136 vere
1476 5078 1591 5138 beatum

497 5152 655 5211 ferventior
670 5176 702 5214 ac
717 5155 823 5214 firmior
838 5157 1017 5215 redderetur.
1070 5177 1103 5214 ac
1117 5157 1265 5215 dominum
1281 5175 1396 5214 meum:
1415 5168 1446 5215 et
1460 5169 1590 5216 sanctum
1599 5182 1635 5239 30
