3917 6467
591 1095 640 1160 IN
662 1095 795 1161 AUcT.
817 1094 999 1162 CONTRA
1022 1092 1372 1161 CATAPHRYGAS.
1464 1095 1528 1159 213

427 1266 492 1331 scil.
509 1266 664 1341 hocloco,
681 1287 712 1350 p.
729 1267 800 1328 126.
811 1264 862 1329 ed.
876 1267 988 1329 Venet.
1007 1266 1098 1350 1630.
1145 1263 1310 1340 Eumenia,
1327 1284 1367 1327 ex
1389 1284 1453 1346 qua
1467 1263 1529 1326 ori-

424 1368 529 1431 undus
544 1366 659 1431 saltem
671 1365 866 1443 Alexander,
883 1365 1033 1450 Phrygiae
1047 1366 1124 1429 urbs
1140 1371 1211 1429 erat
1226 1386 1325 1449 prope
1341 1369 1530 1449 Apameam.

468 1469 595 1550 P.192.
617 1467 638 1530 l.
652 1485 681 1532 α.
703 1471 806 1530 Τοῦτο
828 1468 922 1547 <riphe
946 1467 1018 1552 hc]
1048 1466 1160 1551 Pergit
1183 1466 1340 1530 Eusebius
1362 1467 1467 1551 eapite
1481 1484 1531 1548 17.

426 1569 509 1633 Hirr.
524 1591 590 1632 suae
612 1568 659 1632 ita
681 1567 827 1643 scribere,
846 1566 903 1631 Ἐν
923 1570 1016 1652 τούτῳ
1039 1569 1071 1630 δέ
1093 1569 1133 1652 τῷ
1156 1567 1364 1648 συγγράμματι
1387 1568 1435 1629 καὶ
1454 1572 1534 1629 Μιλ-

426 1671 527 1733 τιάδου
542 1669 740 1750 συγγράφεως
759 1672 827 1748 (τοῦ
846 1670 1045 1751 σνγγράφεως
1060 1670 1135 1732 MS.
1151 1668 1304 1752 Norsok.)
1320 1667 1476 1748 μέμνηται,
1495 1669 1534 1735 ὡς

426 1772 521 1851 λόγον
535 1772 603 1832 τιυδ
619 1770 667 1832 καὶ
682 1770 771 1833 αὐτοῦ
787 1773 861 1833 surb
876 1774 926 1848 τῆς
939 1768 1152 1850 προειρημένης
1171 1768 1315 1848 αἱρέσεως
1334 1771 1532 1849 γεγραφότος.

426 1870 632 1951 παραθέμενος
652 1873 727 1949 γοῦν
749 1870 845 1932 αὐτῶν
867 1870 965 1948 λέξεις
986 1873 1078 1941 τινὰς,
1102 1868 1238 1949 ἐπιφέρει
1259 1867 1368 1948 λέγων·
1396 1872 1534 1930 ΤΑΎΤΑ

428 1972 593 2051 tripertio.
637 1970 680 2032 Ia
694 1970 791 2033 eodem
810 1992 923 2055 qaoque
942 1969 1019 2034 δι’δνο
1033 1969 1193 2033 Miltiadis
1210 1968 1367 2052 cujusdam
1380 1967 1535 2053 saeptae

428 2072 601 2135 mationem
614 2071 710 2155 fucit,
726 2073 781 2156 qai
794 2072 938 2136 αόυονιιις
957 2072 1168 2156 maraticam
1182 2070 1322 2134 taeresim
1344 2068 1455 2133 libam
1469 2090 1534 2133 οσο-

427 2174 593 2258 scripserit.
633 2174 747 2237 Citctie
760 2173 841 2237 caim
861 2172 1041 2259 quibasdam
1062 2171 1159 2236 uerbis
1180 2172 1303 2236 illamam
1316 2171 1535 2247 haeretieorum,

428 2274 473 2338 ita
487 2273 599 2337 όαίοόο
612 2272 717 2337 scribit
729 2301 739 2337 .-
768 2274 879 2340 HAEO
901 2296 960 2359 ego
980 2296 1052 2339 cum
1069 2273 1256 2359 reperissem
1271 2272 1328 2336 διο.
1359 2271 1427 2334 Ubi
1444 2271 1536 2335 Vale-

431 2374 512 2438 sius:
548 2375 601 2438 Ex
622 2374 672 2438 his
698 2382 787 2459 patet
811 2397 901 2440 error
924 2374 1114 2460 Hieronymi
1136 2375 1169 2437 in
1190 2374 1244 2438 lib.
1268 2372 1536 2457 descriptoribus

432 2474 662 2540 Ecclesiasticis
677 2474 761 2561 (cap.
771 2480 837 2560 39.)
861 2476 915 2539 ubi
935 2477 1004 2540 haec
1025 2475 1144 2551 scribit,
1160 2474 1336 2552 Miltiades,
1351 2473 1435 2557 eujus
1454 2473 1535 2536 sto.

432 2576 487 2640 όοιι
508 2576 544 2639 ia
566 2597 652 2661 opere
672 2598 735 2652 ιυο,
757 2577 838 2662 quod
850 2578 995 2641 αόοιυιυι
1013 2578 1206 2653 Montanum,
1224 2575 1412 2652 Ρυόιοίίδυυυ,
1429 2574 1536 2638 Μανί-

433 2676 604 2761 rsillcmquo
625 2678 796 2761 οοοηνοςαὶι,
818 2678 1005 2743 recordatur.
1050 2677 1123 2741 Non
1143 2676 1342 2751 Rhodonem,
1367 2674 1422 2738 sed
1447 2674 1537 2737 inno-

434 2778 588 2842 minatum
610 2777 693 2841 hunc
715 2779 902 2863 scriptorem
925 2779 1036 2844 debuit
1057 2778 1171 2842 dicere.
1217 2777 1301 2841 Nam
1325 2776 1462 2839 Rhodon
1480 2776 1536 2842 ad·

433 2899 539 2942 versus
559 2877 752 2942 Montanum
772 2887 807 2943 et
827 2880 1048 2966 Gataphrygas
1071 2900 1134 2942 non
1156 2876 1292 2964 scripsit,
1309 2876 1364 2941 sed
1384 2878 1537 2942 adversus

432 2978 608 3044 Marcionis
629 2979 786 3059 haeresim,
807 2988 845 3046 ut
866 2989 1007 3046 testatur
1029 2981 1194 3044 Eusebius.
1225 2981 1382 3043 Vasrsms.
1430 2981 1538 3045 Aliter

432 3088 548 3146 narrat
575 3082 791 3167 Hieronymus
817 3084 849 3146 in
874 3105 943 3168 cap.
959 3102 1012 3170 37.
1037 3083 1136 3167 ejusd.
1161 3105 1212 3167 op.
1253 3082 1324 3145 Vid.
1349 3104 1447 3166 supra
1469 3091 1535 3147 not.

425 3184 471 3247 ad
498 3182 569 3246 init.
598 3182 710 3246 horum
736 3184 921 3270 Fragment.
945 3208 976 3270 p.
991 3204 1061 3270 195.
1107 3185 1157 3248 De
1182 3183 1340 3261 Miltiade,
1368 3205 1461 3267 quem
1490 3184 1537 3249 uti

425 3283 558 3348 notarit
577 3282 661 3348 iufra
678 3285 720 3348 ad
742 3285 917 3349 Eusebium
933 3285 1087 3358 Valesius,
1109 3285 1299 3349 crebriorem
1318 3284 1489 3369 sophistam,
1505 3284 1538 3347 id

423 3394 480 3450 est
495 3384 658 3448 rhetorem
673 3393 707 3449 ct
725 3385 967 3471 disputatorem,
983 3395 1078 3451 vocat
1094 3385 1315 3463 Tertullianus,
1331 3385 1457 3449 addidit
1471 3385 1539 3450 haec

425 3486 502 3573 ipse
525 3484 683 3550 Eusebius
708 3486 770 3550 fine
790 3488 886 3571 hujus
901 3488 1025 3573 capitis,
1041 3510 1113 3552 cum
1133 3493 1297 3552 auctorem
1316 3487 1400 3551 huuc
1418 3485 1541 3552 Contra

424 3586 656 3672 cataphrygas
678 3587 808 3651 nussum
831 3588 975 3665 lecisset3
1011 3591 1109 3657 Οδτος
1129 3591 1186 3669 μέν
1208 3589 1242 3667 δὴ
1264 3594 1405 3653 τοσαῦτα.
1438 3587 1477 3652 Ὀ
1503 3589 1541 3670 γέ

426 3714 479 3752 τοι
498 3687 574 3769 τρδς
597 3688 686 3751 crisci
705 3689 909 3769 δεδηλωμένος
932 3691 1106 3769 Μιλτιάδης,
1125 3693 1173 3755 καὶ
1191 3692 1289 3757 άλλας
1307 3692 1376 3770 ἡμῖν
1395 3694 1444 3769 τῆς
1465 3693 1540 3757 ἰδίας

428 3790 502 3870 περὶ
523 3792 561 3852 τὸ
582 3794 649 3853 θεῖα
669 3794 761 3872 λόγια
782 3796 912 3872 σπουδῆς
925 3793 1041 3873 μνήμας
1057 3791 1283 3869 καταλέλοιπεν,
1300 3792 1334 3855 έν
1353 3816 1385 3854 τε
1403 3792 1449 3857 oie
1467 3790 1541 3871 πρὸς

422 3887 587 3967 Ἕλληνας
601 3888 748 3967 συνέταξε
765 3894 879 3973 λόγοις,
896 3893 944 3956 καὶ
962 3899 1024 3959 τοῖς
1044 3892 1118 3972 πρὸς
1130 3890 1300 3958 Ἰουδαίους·
1323 3890 1447 3975 ἑκατέρη
1462 3893 1541 3958 ἰδίως

433 3989 577 4053 ὑποθέσει
592 3992 627 4053 ἐν
648 3993 734 4054 δυσὶν
754 3992 927 4071 ὑπαντήσας
941 3993 1180 4076 συγγράμμασιν·
1204 3993 1295 4056 ἔτιδὲ
1312 3993 1360 4055 καὶ
1380 3992 1454 4072 πρὸς
1474 3993 1541 4058 τοὺς

436 4091 594 4169 κοσμικοὺς
614 4092 771 4174 άρχοντας,
787 4095 862 4174 ὑπὲρ
876 4094 911 4173 ἧς
930 4094 1031 4181 μετῄει
1049 4096 1245 4175 φιλοσοφίας,
1260 4094 1416 4172 πεποίηται
1430 4096 1541 4158 ἀπολο-

436 4193 516 4272 γίαν.
550 4193 648 4256 Hunc
669 4193 754 4257 iuter
767 4194 950 4278 scriptores,
960 4193 1014 4278 qui
1028 4195 1180 4257 adversus
1194 4200 1307 4278 gentes
1321 4215 1381 4278 pro
1397 4194 1541 4260 veritatis

437 4292 617 4357 defensioue
630 4301 664 4358 et
679 4301 791 4359 eontra
804 4295 971 4360 haeretioos
986 4318 1020 4359 se
1034 4302 1258 4382 opposuerant,
1274 4302 1430 4360 memorat
1445 4298 1542 4361 Parvi

439 4393 630 4478 Labyrinthi
645 4403 766 4459 auctor.
802 4397 880 4460 Vide
895 4397 966 4462 Oen
988 4396 1186 4481 Fragmenta
1209 4417 1306 4480 supra
1328 4418 1359 4480 p.
1374 4414 1444 4480 129.
1478 4398 1541 4463 Sed

439 4496 546 4559 omnia
573 4496 730 4560 Miltiadis
753 4519 860 4582 opera,
883 4497 930 4561 ait
953 4496 1069 4562 Gavius
1086 4498 1169 4561 Hist.
1190 4498 1256 4561 Lis.
1279 4496 1339 4560 vol.
1354 4495 1380 4559 1.
1407 4497 1439 4560 in
1463 4522 1540 4575 coca,

439 4598 519 4661 adeo
543 4596 687 4660 funditus
713 4597 884 4682 perierunt,
914 4605 952 4662 ut
977 4620 1087 4662 eorum
1114 4618 1155 4661 ue
1179 4597 1392 4683 fragmentum
1416 4600 1543 4682 quidem

441 4696 537 4762 hodie
551 4698 700 4781 supersit.

484 4798 567 4862 lbid.
596 4799 618 4863 l.
636 4820 669 4884 3.
696 4802 874 4885 Μιλτιάδου]
902 4800 1020 4864 Nescio
1045 4821 1109 4883 quo
1136 4800 1204 4864 tato
1226 4798 1402 4863 Alcibiadis
1431 4818 1546 4860 nomeu

441 4921 499 4985 pro
526 4899 689 4976 Miltiade,
713 4909 748 4964 et
776 4900 936 4965 Miltiadis
964 4922 1025 4985 pro
1055 4900 1224 4964 Alcibiade
1251 4901 1461 4965 substitutum
1486 4907 1545 4963 est.

442 5002 529 5065 Nam
551 5001 714 5085 superiore
729 5002 857 5086 quidem
879 5002 984 5086 capite
1007 5002 1165 5067 Miltiadis
1180 5002 1367 5067 vocabulum
1387 5022 1446 5085 pro
1461 5000 1546 5063 Alci-

441 5100 537 5164 biade
550 5101 690 5185 positum
704 5124 773 5165 esse
789 5102 1035 5167 observavimus.
1070 5102 1135 5167 Hic
1150 5110 1272 5181 contra,
1291 5100 1473 5166 Alcibiades
1488 5122 1546 5184 pro
