3917 6467
878 1049 1026 1116 culus.

786 1223 869 1283 Qun
887 1225 1115 1285 saouuuaun,

500 1324 560 1382 Ex
584 1325 732 1385 PARVO
753 1329 1046 1391 LABYRINTHO
1068 1333 1244 1392 SUMPTA
1268 1333 1393 1401 SUNT,

789 1448 866 1522 ους
889 1449 976 1511 vnn
998 1453 1099 1524 can,
1340 1535 1342 1539 Δ

521 1580 593 1629 VEla
609 1577 784 1633 ANONYMl
801 1586 1014 1638 SCRIPTORIS
1030 1558 1192 1639 ElUSDEM
1210 1587 1282 1639 AEVI
1299 1589 1370 1638 EST.

367 1719 382 1777 5
448 1686 549 1762 Φασὶ
568 1682 639 1787 γὰρ
660 1700 829 1773 (Haeretici)
849 1687 932 1771 rode
956 1688 1022 1787 μὲν
1044 1689 1237 1794 προτέρους
1261 1687 1421 1773 ἅπαντας
1439 1698 1497 1770 καὶ

390 1818 519 1903 αὐτοὺς
537 1818 619 1905 τοὺς
630 1822 866 1906 ’ἀποστόλους
882 1823 1142 1931 παρειληφεναι
1155 1859 1194 1903 τε
1208 1827 1266 1903 καὶ
1280 1824 1494 1929 δεδιδαχεναι

390 1962 514 2052 ταῦτα,
534 1952 559 2034 ἃ
576 1965 638 2036 νῦν
651 1957 746 2036 οὗτοι
758 1956 922 2055 λέγουσι·
942 1960 1002 2036 καὶ
1012 1963 1229 2061 τετηρῆσθαι
1244 1957 1310 2056 τὴν
1324 1955 1495 2058 ἀλήθειαν

389 2097 453 2167 τοῦ
470 2091 697 2193 κηρύγματος
714 2093 819 2199 μέχρι
837 2100 909 2172 τῶν
921 2096 1092 2196 Βίκτορος
1111 2091 1261 2197 χρόνων,
1273 2088 1367 2190 δςῆυ
1384 2127 1491 2196 τρισ-

388 2222 594 2309 καιδέιιατος
617 2225 689 2306 ἀπὸ
714 2224 856 2329 Πέτρου
887 2230 925 2306 ἐν
957 2226 1081 2333 Ῥώμῃ
1114 2228 1322 2310 ἐπίσκοπος·
1357 2225 1429 2306 ἀπὸ
1456 2228 1494 2307 δὲ

347 2402 380 2441 ιο
388 2367 452 2438 τοῦ
482 2359 648 2465 διαδόχου
685 2363 793 2441 αὐτοῦ
832 2363 1041 2467 Ζεφυρίνου,
1078 2360 1395 2465 παρακεχαράχθαι
1428 2361 1493 2461 τὴν

387 2492 571 2593 ἀλήθειαν.
599 2494 644 2594 ἦν
669 2497 700 2575 δ’
720 2495 764 2575 ἂν
786 2495 896 2601 τυχὸν
918 2495 1070 2576 πιθανὸν
1087 2495 1128 2575 τὸ
1152 2493 1356 2597 λεγόμενον,
1384 2502 1414 2575 εἰ
1436 2497 1491 2596 νχιιὴ

386 2635 531 2731 πρῶτον
562 2627 628 2728 μὲν
655 2628 869 2710 ἀντῶτιπτου
897 2630 1014 2712 αὐτοῖς
1047 2636 1083 2708 αἱ
1116 2635 1205 2708 θεῖαι
1236 2631 1388 2735 γραφαί·
1433 2634 1491 2709 καὶ

385 2766 558 2870 ἀδελφῶν
594 2764 633 2844 δέ
669 2800 775 2845 τινων
812 2768 891 2845 ἐστὶ
927 2763 1122 2868 γράμματα
1154 2766 1383 2868 πρεσβύτερα
1419 2773 1490 2846 τῶν

387 2900 558 3001 Βῖκτορος
576 2900 726 3004 χρόνων,
747 2897 770 2978 oi
788 2901 910 2979 ἐκεῖνοι
928 2898 1019 2999 πρὸς
1042 2900 1088 2979 τὰ
1109 2900 1193 2999 ἔθνη
1212 2897 1300 3001 ὑπὲρ
1318 2905 1381 2997 τῆς
1400 2902 1490 3001 ἀλη-

340 3070 351 3109 ι
355 3066 375 3129 5
386 3033 493 3131 θείας,
521 3033 697 3137 καὶπρὸς
723 3034 788 3118 τὰς
815 3032 895 3113 τότε
924 3034 1075 3134 αἱρέσεις
1103 3032 1283 3140 ἔγραψαν·
1325 3035 1422 3136 λέγω
1451 3036 1489 3116 δὲ

384 3170 583 3248 Ἰουστίνου
602 3172 660 3246 καὶ
686 3166 890 3247 Μιλτιάδου
916 3173 973 3247 καὶ
996 3176 1175 3248 Τατιοινοῦ
1194 3170 1251 3248 καὶ
1277 3167 1487 3267 Κλήμεντος

385 3304 445 3380 καὶ
456 3301 584 3404 ἑτέρων
601 3302 788 3397 πλειόνων,
808 3305 845 3380 ἐν
857 3300 909 3385 οἷς
923 3299 1040 3380 ἅπασι
1052 3304 1300 3403 θεολογιῖταιὸ
1315 3302 1486 3403 Χριστός·

383 3434 431 3515 τὰ
449 3434 520 3540 γὰρ
540 3438 728 3538 Εἱρηναόου
745 3471 784 3515 τε
803 3440 861 3515 καὶ
881 3438 1092 3519 Μελίτωνος
1110 3438 1168 3514 καὶ
1186 3443 1258 3514 τῶν
1277 3443 1415 3515 λοιπῶν
1432 3438 1487 3520 τίς

384 3575 510 3671 ἀγνοεῖ
529 3573 669 3667 βιβλία,
688 3570 783 3651 θεὸν
808 3574 865 3649 καὶ
892 3572 1080 3673 ἄνθρωπον
1104 3568 1401 3671 καταγγέλλοντα
1423 3566 1486 3648 τὸν

335 3705 571 3807 ιοΧριυτόνς
602 3709 752 3803 dannot
766 3704 803 3784 δὲ
821 3703 903 3783 ὅσοι
922 3705 979 3782 καὶ
998 3707 1085 3810 ᾠδαὶ
1104 3706 1275 3809 ἀδελφῶν
1293 3707 1353 3783 ἀπ’
1373 3707 1486 3806 ἀρχῆς

425 3963 582 4022 Affirmant
606 3965 682 4022 euim
711 3963 820 4042 priseos
844 3964 907 4039 qui·
958 3964 1080 4022 fratrum
1130 3960 1320 4040 quorumdam
1367 3961 1482 4036 scripta,

383 4042 449 4100 dem
471 4063 581 4111 omnes,
602 4056 632 4101 et
652 4044 729 4122 ipsos
751 4042 906 4121 apostolos,
962 4043 1088 4101 Victoris
1113 4052 1198 4100 aetate
1220 4040 1393 4116 antiquiora,
1418 4060 1483 4117 quae

381 4142 495 4198 eaquae
514 4125 550 4181 ab
571 4124 641 4201 ipsis
661 4142 739 4181 nunc
759 4123 906 4187 dicuntur,
957 4123 1000 4180 illi
1029 4122 1167 4180 adversus
1194 4131 1297 4198 gentes
1325 4131 1354 4178 et
1382 4131 1483 4178 contra

382 4214 413 4260 et
446 4204 590 4281 accepisse
622 4214 652 4261 et
685 4202 837 4261 docuisse:
874 4223 907 4260 ao
957 4203 1001 4261 sui
1024 4203 1164 4280 temporis
1184 4199 1335 4259 haereticos
1356 4220 1409 4277 pro
1433 4219 1482 4257 ve-

334 4301 370 4358 25
383 4281 596 4361 praedicationis
617 4282 733 4359 quidem
755 4282 906 4339 veritatem
958 4283 1053 4340 ritatia
1089 4281 1258 4340 defensione
1292 4279 1480 4357 scripserunt.

381 4383 444 4420 ease
467 4363 641 4420 custoditam
664 4382 755 4438 usque
777 4362 813 4419 ad
835 4362 906 4419 Vic·
956 4362 1108 4419 Justiuum
1133 4360 1276 4436 intelligo,
1305 4370 1335 4416 et
1369 4358 1480 4415 Miltia·

380 4442 453 4500 toris
471 4454 611 4520 tempora,
631 4443 681 4519 qui
701 4442 806 4500 tertius
829 4441 904 4499 deci·
956 4441 1021 4499 dem
1050 4453 1080 4498 et
1104 4441 1260 4498 Tatianum
1284 4458 1317 4494 ac
1345 4438 1481 4495 Clemen-

380 4542 446 4579 mua
460 4542 478 4579 a
493 4521 583 4580 Petro
597 4523 736 4580 Romanae
751 4521 831 4579 urbis
844 4521 906 4601 epi·
956 4531 1026 4590 tem,
1044 4520 1172 4597 aliosque
1187 4516 1433 4596 quamplurimos:
1450 4518 1480 4574 in

379 4621 485 4678 scopus
513 4602 589 4660 fuit:
625 4624 642 4660 a
666 4602 710 4659 Ze
730 4600 826 4679 hyriui
851 4621 903 4658 au·
955 4620 1079 4677 quorum
1105 4600 1234 4656 omnium
1263 4596 1344 4653 libris
1370 4597 1481 4653 Christi

330 4700 371 4757 30
379 4694 440 4741 tem
453 4684 634 4759 temporibus
647 4682 698 4760 qui
711 4622 904 4739 llictorisuc.
955 4680 1093 4737 diviuitas
1110 4678 1280 4737 adstruitur.
1322 4675 1401 4733 Nam
1418 4675 1480 4733 Ire.

379 4762 476 4831 cessit,
499 4762 690 4820 adulteratam
715 4761 805 4819 fuisse
829 4761 903 4818 veri·
956 4760 1009 4817 naei
1028 4760 1145 4836 quidem
1160 4769 1191 4816 et
1213 4755 1367 4814 Melitonis
1381 4766 1411 4813 et
1433 4775 1479 4812 re·

379 4855 481 4900 tatem.
520 4843 701 4899 Acfortasae
720 4841 749 4898 id
764 4840 842 4917 quod
858 4840 902 4897 di·
954 4840 1100 4915 liquorum
1126 4839 1233 4917 scripta
1260 4835 1325 4912 quis
1352 4845 1396 4893 est
1428 4835 1479 4910 qui

378 4933 460 4987 erint,
489 4922 627 4980 credibile
658 4922 816 4986 videretur,
848 4920 902 4977 nisi
954 4921 1079 4996 ignoret,
1115 4920 1146 4975 in
1183 4917 1289 4994 quibus
1327 4914 1476 4971 Christum

378 5004 420 5061 eia
448 5003 663 5079 refragarentur
688 5003 812 5081 primum
838 4999 902 5076 qui·
955 4999 1052 5056 Deum
1088 4998 1175 5056 aimul
1210 5008 1297 5074 atque
1331 4993 1476 5050 hominem

330 5083 445 5158 35dem
469 5081 575 5139 dirime
599 5081 774 5158 Scriptura:
798 5078 903 5138 deinde
954 5078 1168 5155 praedicarunt?
1195 5074 1301 5136 Psalmi
1316 5091 1432 5151 quoque
1446 5082 1477 5131 et

422 5199 491 5240 Vola·
508 5198 543 5240 n.
985 5194 1002 5237 Β
