3917 6467
424 1075 488 1141 468
783 1071 1136 1137 ANNOTATIONES

425 1242 488 1326 ήλιρ
513 1239 618 1304 hicet
638 1239 720 1303 inira
745 1239 765 1303 l.
788 1243 817 1302 8.
837 1240 1016 1324 legendum,
1046 1240 1133 1324 quod
1163 1259 1280 1301 nomen
1310 1238 1423 1302 indidit
1446 1239 1504 1303 hnic

427 1342 567 1406 Herodis
581 1341 673 1406 fratri
689 1340 838 1427 Scaliger,
854 1341 1001 1406 firmante
1016 1342 1208 1427 scripturam
1222 1341 1371 1426 Josepho
1387 1341 1419 1404 in
1431 1342 1506 1404 Art

425 1445 536 1530 pailet.
552 1452 587 1508 et
601 1443 689 1508 Bello
699 1444 842 1507 Judaico.
887 1442 955 1507 Ubi
969 1451 1078 1508 tamen
1093 1444 1133 1507 de
1147 1450 1253 1507 morte
1268 1443 1339 1527 ejus
1353 1441 1436 1507 alind
1447 1443 1507 1528 qnid

426 1555 587 1611 narratur.
633 1546 688 1609 Ita
702 1546 839 1610 mutavit
853 1555 886 1610 et
900 1567 1022 1630 nupera
1035 1544 1134 1609 editio
1149 1543 1299 1630 Syncclli.

470 1647 507 1712 P.
526 1666 598 1730 292.
613 1645 634 1711 l.
649 1667 680 1731 3.
694 1645 815 1728 Ἡρώδη
834 1634 876 1732 τᾷ
895 1653 953 1711 τῶν
969 1647 1099 1728 Πώρθιιν
1117 1647 1260 1730 βασιλεῖ]
1288 1647 1374 1710 Cum
1388 1645 1509 1709 Pacorus

427 1751 566 1816 Orodem
582 1757 705 1836 patrem
721 1749 869 1813 habuerit
885 1748 1078 1812 Parthorum
1093 1770 1212 1833 regem,
1227 1747 1273 1810 nil
1294 1747 1436 1824 dubium,
1449 1747 1510 1831 quin

425 1849 542 1935 Ὀρώδῃ
556 1853 607 1916 hic
622 1852 791 1937 legendum
810 1851 862 1915 eit.
907 1851 1060 1915 Similiter
1078 1857 1221 1915 erratum
1241 1856 1293 1914 eat
1312 1850 1347 1913 in
1367 1872 1436 1934 pag.
1449 1870 1509 1934 304

426 1963 461 2020 et
483 1972 557 2040 305.
574 1954 714 2037 Syacclli.
759 1953 812 2016 De
832 1953 955 2016 Pacoro
977 1959 1097 2029 autem,
1112 1953 1273 2036 rebusque
1295 1955 1340 2016 ab
1364 1974 1402 2015 eo
1419 1952 1510 2037 gestia,

427 2057 570 2142 Theoph.
592 2058 732 2142 Bayerus
754 2057 786 2120 in
809 2056 895 2120 Hiat.
920 2056 1069 2120 Oarlocnc
1094 2065 1123 2119 ct
1145 2055 1311 2131 Ειίοοιειια,
1328 2055 1369 2118 L.
1387 2073 1415 2118 2.
1429 2077 1456 2138 p.
1470 2055 1511 2135 87.

427 2180 526 2242 -90.
582 2159 692 2223 Verba
720 2165 795 2221 sunt
824 2157 921 2242 Trogi
947 2155 1089 2241 Pompeii
1115 2156 1149 2219 in
1176 2156 1315 2240 Prologo
1340 2155 1430 2218 Libri
1452 2177 1511 2216 xm.

430 2262 551 2339 oredo,
576 2284 633 2347 qao
660 2264 806 2325 Croesum
831 2259 947 2336 delerit,
970 2268 998 2323 ci
1024 2259 1151 2341 Syriam
1168 2280 1231 2343 prr
1243 2258 1359 2344 filium
1382 2259 1512 2320 Pacorum

426 2365 591 2450 οοαιραοίι.
639 2364 828 2428 lnterl'ectne
853 2383 928 2425 vero
952 2367 1065 2446 postea
1086 2368 1135 2424 eet
1162 2360 1318 2436 Pacorus,
1342 2359 1413 2423 vivo
1435 2374 1512 2444 patre

427 2466 545 2544 Orode,
559 2489 581 2531 a
596 2466 755 2530 Romanis.

470 2566 553 2631 Ibid.
569 2568 589 2630 l.
605 2589 636 2644 4.
653 2568 701 2630 ἐπὶ
716 2571 830 2649 χρυσοῦ
843 2564 1003 2631 ταλάντοις
1022 2565 1143 2650 χιλίοις]
1164 2566 1286 2630 Deesse
1306 2564 1426 2651 aliquid
1444 2565 1513 2628 inter

422 2669 496 2734 'haec
516 2670 612 2734 verba
627 2670 762 2742 videtur,
779 2669 863 2753 qnod
889 2667 1044 2752 supplevit
1064 2669 1189 2731 Gnarus
1209 2668 1242 2730 in
1259 2668 1512 2753 Interpretatione

429 2771 555 2837 Latina.
586 2772 639 2835 Ad
654 2793 722 2835 rem
737 2771 838 2855 ipsam
854 2770 938 2854 qnod
953 2769 1083 2846 attinet,
1095 2768 1142 2833 ait
1156 2768 1180 2831 J
1182 2769 1321 2854 oeephns
1334 2772 1436 2855 Antip
1447 2767 1510 2832 er.

426 2873 480 2938 lib.
491 2873 552 2937 xiv.
563 2895 631 2958 cap.
644 2893 691 2958 13.
701 2872 874 2953 Ἀντίγονος
886 2872 909 2935 δ’
921 2874 1096 2954 ὑπισχνεῖτο
1107 2873 1192 2954 χίλια
1207 2872 1343 2935 τάλαντα
1359 2873 1407 2935 καὶ
1423 2896 1511 2934 πεντα-

428 2977 531 3041 κοσίας
553 2982 694 3056 γυναῖκας
715 2976 823 3038 δώσειν
845 2973 987 3054 Πάρθοις,
1012 2975 1039 3035 εί
1060 2973 1112 3050 τὴν
1134 2971 1230 3054 ἀρχὴν
1244 2971 1396 3054 ’Ὑρκανὸν
1418 2971 1511 3053 dodoi

427 3103 513 3158 μενοι
527 3079 756 3157 παραδώσουσιν
771 3078 859 3160 αὐτῷ,
876 3078 923 3139 καὶ
937 3077 1005 3142 τοὺς
1019 3076 1086 3156 περὶ
1100 3075 1154 3138 τὸν
1167 3073 1308 3156 Ἡρώδην
1322 3076 1465 3138 ἀνέλοιεν·
1485 3073 1511 3134 οὗ

427 3180 486 3259 μὴν
512 3179 630 3242 ἔδωκεν.
661 3181 729 3242 ἀλλ’
754 3181 783 3242 ol
804 3181 861 3258 μὲν
887 3179 1013 3260 Πάρθοι,
1038 3181 1086 3241 διὰ
1114 3182 1200 3240 τοῦτο
1227 3179 1276 3241 ἐπὶ
1306 3179 1361 3256 τὴν
1384 3179 1511 3240 Ἰουδαίαν

429 3281 640 3363 ἐστράτευσαν,
658 3280 837 3361 κατάγοντες
849 3279 1036 3360 Ἀντίγονον·
1059 3279 1198 3358 Πάκορος
1220 3282 1277 3357 μὲν
1300 3283 1348 3342 διδ
1371 3284 1420 3356 τῆς
1436 3303 1511 3357 παρο-

429 3385 631 3457 θαλαττίου,ὁ
656 3385 687 3445 δὲ
707 3382 858 3461 σατράπης
879 3382 1092 3462 Βαρζαφθρνης
1114 3385 1161 3443 διὰ
1181 3384 1232 3457 τῆς
1251 3384 1423 3461 μεσογείου.
1444 3386 1463 3457 ξ.
1478 3377 1510 3440 iii.

429 3508 459 3568 p.
476 3490 549 3568 643.
569 3484 617 3546 ed.
637 3484 782 3545 Hudson.
831 3483 939 3544 Minus
959 3484 1039 3545 bene
1055 3483 1200 3561 Πακώρου
1221 3503 1279 3565 pro
1297 3485 1436 3562 Πακόρου
1449 3481 1511 3561 Syn

429 3586 497 3649 cclii
516 3596 618 3660 textus,
636 3585 719 3668 quod
742 3584 904 3667 corrigunt
921 3586 1046 3647 Gnarus
1064 3583 1273 3667 Scaligerque.
1321 3582 1403 3646 Mox
1422 3585 1512 3645 deesse

429 3688 460 3751 in
477 3687 626 3769 Scaligeri
643 3685 770 3749 Eusebio
786 3708 893 3748 vocem
907 3688 1041 3767 Ἡρώδης
1056 3686 1178 3749 notavit
1195 3687 1334 3747 Goarus.

473 3789 555 3851 Ibid.
572 3790 593 3851 l.
614 3805 642 3869 7.
659 3789 750 3851 αὐτὸν
773 3789 880 3850 ἔδωκεν
904 3789 1002 3869 ἄγειν]
1031 3787 1150 3850 Addidi
1175 3787 1266 3849 αὐτὸν
1288 3809 1328 3849 ex
1344 3788 1420 3848 MS.
1436 3784 1514 3848 altero

428 3891 611 3952 Pcriaiccai.
658 3889 748 3952 Idem
764 3911 847 3950 nunc
862 3889 937 3951 iecit
953 3888 1146 3950 Dindorfiua.

474 3991 556 4054 lbid.
572 3990 592 4054 l.
610 4009 658 4053 ιι.
670 3988 734 4053 Ἦν
747 3990 916 4068 Ὀλυμπίας
931 3990 1024 4075 ρπε’.]
1041 3990 1239 4075 Olympiadis
1254 3991 1381 4054 notatio
1397 3998 1462 4054 tum
1474 3989 1516 4051 hic

428 4103 497 4156 tum
512 4103 584 4177 post
600 4094 667 4156 haec
682 4095 724 4156 ad
740 4094 960 4157 antecedentia
975 4094 1172 4177 potissimum
1188 4102 1325 4177 spectat.

474 4195 553 4258 lbid.
571 4196 592 4257 l.
614 4215 660 4276 17.
680 4197 726 4257 καὶ
748 4197 786 4260 ὡς
807 4197 894 4258 οὐδὲν
916 4197 998 4273 ἠξίου
1018 4196 1224 4277 πιστεύεσθαι]
1251 4194 1461 4269 Vertendum‚
1478 4192 1519 4255 cti

428 4319 494 4359 com
510 4297 594 4359 haud
608 4298 704 4360 cirum
725 4307 795 4359 essct
810 4297 995 4359 commissam
1009 4298 1143 4381 αοοίροτο
1158 4298 1333 4381 imperium,
1349 4320 1440 4381 acqua
1458 4297 1520 4358 dam

428 4400 620 4462 reduceretur
628 4400 662 4460 ιίι
673 4421 780 4470 saarim
799 4400 857 4461 &a
906 4399 982 4461 Loci
998 4399 1082 4461 enim
1093 4420 1218 4461 sensum
1230 4399 1326 4481 paulo
1341 4409 1419 4462 ante
1428 4406 1521 4462 oeten·

428 4501 476 4564 dit
492 4500 653 4584 Synccllus
668 4501 808 4562 scribens
828 4524 858 4583 p.
871 4504 945 4583 306.
961 4501 996 4563 οὗ
1012 4503 1206 4582 προσδεχθεὶς
1224 4505 1256 4564 δὲ
1272 4504 1362 4586 φόβῳ
1378 4509 1437 4565 τῶν
1454 4501 1523 4579 Πάρ-

428 4609 489 4665 θων
504 4603 668 4682 (Herodes
683 4625 703 4665 a
721 4602 872 4678 Malicho,
882 4624 937 4665 seu
955 4602 1096 4677 Malcho,
1110 4624 1185 4686 rege
1198 4603 1358 4683 Arabum)
1377 4606 1420 4669 εἰς
1430 4602 1524 4677 'Aret

428 4704 566 4784 άνδρειαν
587 4705 707 4785 ἔρχεται
727 4703 800 4779 πρὸς
816 4702 1022 4782 Κλεοπάτραν,
1046 4706 1192 4780 δεξιωθεὶς
1212 4705 1266 4766 οὖν
1285 4703 1354 4784 παρ’
1371 4705 1469 4781 αι’ντῆς,
1485 4703 1524 4764 rai

428 4805 481 4882 τὴν
498 4806 669 4883 ἐπιμέλειαν
684 4809 734 4881 τῆς
749 4808 795 4867 ὑπ’
809 4804 900 4882 αὐτὴν
914 4805 996 4886 ἔχειν
1011 4805 1104 4886 ἀρχῆς
1119 4803 1321 4882 ἀνεβάλλετο,
1333 4808 1381 4867 διὰ
1397 4805 1452 4882 τὴν
1462 4803 1528 4884 πρὸς

427 4905 590 4969 Ἀντωνίον
607 4907 654 4968 ἐπὶ
669 4905 784 4984 Ῥώμην
803 4909 850 4968 καὶ
866 4909 1041 4986 Αὔγουστον
1061 4908 1196 4986 πόρειον,
1219 4908 1257 4970 ὡς
1271 4906 1429 4983 Ἰώσηπος,
1444 4908 1480 4970 ὣς
1499 4907 1528 4965 δὲ

427 5009 615 5086 Ἀφρικανὸς,
634 5009 691 5070 σὺν
710 5009 780 5086 αὐτῇ
797 5007 1040 5088 πρὸςἈντώνιον
1054 5007 1138 5085 ἦλθε·
1161 5005 1295 5089 κᾴκεῖνος
1309 5009 1376 5087 περὶ
1393 5007 1428 5087 (l.
1439 5010 1526 5086 παρὰ)

427 5108 481 5169 τὸν
500 5109 658 5186 Σεβαστὸν
675 5112 851 5172 Ὀκταούϊον
871 5112 912 5175 εἰς
926 5108 1042 5187 Ῥώμην
1063 5109 1154 5172 αὐτὸν
1174 5109 1322 5174 ἔστειλεν.
1368 5109 1529 5173 Antonius
