3917 6467
427 1092 490 1154 212
794 1089 1173 1153 ANNo'rATIONEs

424 1258 571 1324 convenit
593 1259 625 1321 in
653 1258 799 1322 fflstoria
829 1280 891 1322 uon
913 1265 1040 1322 tentum
1065 1258 1098 1321 in
1125 1256 1284 1322 (ihrouieo
1311 1278 1370 1321 suo
1393 1257 1506 1343 origines
1570 1284 1572 1305 ν

425 1359 517 1423 istius
533 1364 628 1422 seetae
643 1357 823 1421 statuentis.
858 1358 1054 1422 Adeuudum
1070 1357 1153 1422 enim
1169 1364 1219 1421 est
1232 1357 1307 1421 libri
1320 1380 1349 1422 v.
1365 1378 1432 1442 esp.
1442 1377 1467 1443 3.

470 1459 509 1522 Ρ.
522 1479 592 1542 190.
609 1458 629 1521 l.
641 1476 670 1540 7.
688 1459 802 1541 κόσμῳ]
820 1462 860 1543 τῷ
876 1459 976 1541 κόσμῳ
992 1458 1214 1540 MS.N0rsole.

473 1560 555 1624 Ibid.
579 1557 740 1642 ἀλλὰκαὶ]
760 1559 865 1622 Abest
884 1559 932 1621 καὶ
951 1558 993 1622 eb
1013 1558 1058 1621 ed.
1075 1559 1176 1642 sept.
1196 1559 1359 1623 sedidem
1382 1557 1513 1622 exhibent

428 1663 558 1743 Rufinus
574 1660 699 1744 aliique.
724 1660 856 1722 Srsoru.
904 1658 1065 1742 Scriptum
1083 1658 1188 1725 ἐλέους
1209 1679 1268 1743 pro
1293 1658 1384 1723 ἐλέου
1402 1659 1435 1722 iu
1453 1660 1514 1724 MS.

428 1762 517 1825 Bodl.
550 1761 641 1824 Nune
662 1760 753 1824 eddit
775 1760 938 1824 Burtouus
960 1759 1044 1823 codd.
1065 1758 1516 1825 Mae.r1az.b'uka.1‹¹tm

428 1864 576 1946 titusque.

473 1963 553 2026 Ibid.
570 1961 592 2026 l.
605 1962 652 2024 18.
671 1960 771 2025 Ὅταν
793 1963 892 2024 τοίνυν
916 1959 989 2045 δια]
1008 1962 1088 2024 Post
1109 1960 1181 2023 libri
1201 1961 1332 2025 seeundi
1354 1962 1521 2047 fragments

428 2063 470 2126 ud
486 2062 549 2126 ulie.
563 2062 610 2125 ite
629 2061 733 2145 pergit
749 2060 922 2124 Eusebius:
952 2061 1010 2124 Καὶ
1030 2066 1121 2124 ταῦτα
1136 2063 1169 2124 δέ
1189 2063 1222 2125 ἐκ
1237 2068 1290 2125 τοῦ
1309 2063 1449 2144 δευτέρου
1461 2087 1522 2142 ουρ

429 2163 607 2243 γράμματος.
632 2162 680 2224 καὶ
694 2161 753 2224 ἀπὸ
770 2166 823 2224 τοῦ
842 2163 939 2242 τρίτου
958 2163 990 2225 δέ
1006 2164 1130 2241 σμνκρᾶς
1144 2162 1356 2241 παραθήσομαι
1372 2162 1479 2241 λέξεις,
1493 2161 1523 2226 δι’

428 2261 471 2326 ὧν
485 2261 560 2343 πρὸς
573 2263 640 2328 τοὺς
656 2263 832 2343 αὐχοῦντας,
849 2263 888 2327 ὦς
902 2263 959 2341 ἄρα
973 2263 1095 2327 πλείους
1109 2264 1157 2326 καὶ
1172 2263 1268 2325 αὐτῶν
1281 2266 1527 2344 μεμαρτυρηκότες

430 2363 502 2439 εἶεν,
523 2369 614 2425 ταῦτα
637 2365 739 2442 φησίν·
767 2359 896 2425 ὈΤΑΝ
918 2364 1020 2425 τοίνυν
1043 2365 1099 2426 tre.
1144 2365 1244 2448 Atque
1265 2363 1331 2428 λων
1351 2365 1388 2428 in
1410 2364 1529 2429 &eunde

427 2462 565 2548 ίορναέυτ
579 2462 665 2526 libro.
710 2463 763 2524 Εο
776 2463 864 2524 tertio
877 2462 947 2525 item
961 2461 1110 2525 οαίυναὶοο
1117 2484 1223 2546 parea
1230 2466 1376 2547 preferre
1391 2464 1468 2538 libet,
1483 2463 1531 2528 eb·

427 2563 572 2626 adversus
585 2584 632 2627 eos
645 2561 865 2647 qeijaetaberrt
873 2562 982 2646 plures
995 2563 1118 2625 illerum
1131 2565 1281 2646 νοατίμνὶο
1295 2586 1355 2629 osee
1374 2575 1532 2641 οοτυααέατ,

427 2662 491 2726 ίαν
505 2663 601 2727 dicit:
626 2662 874 2743 POSTQUAM
890 2684 964 2726 vero
979 2665 1037 2726 be.

474 2761 557 2825 Ibid.
573 2763 592 2825 l.
608 2781 658 2826 21.
679 2767 728 2840 τῆς
743 2763 903 2848 δυνάμεως]
926 2763 999 2826 Νοα
1017 2762 1162 2847 agnoseit
1181 2763 1258 2828 Me.
1273 2763 1417 2846 Norsole.
1432 2762 1533 2827 neeiu

429 2862 537 2926 codiee
559 2863 679 2926 invenit
701 2886 758 2927 suo
780 2871 871 2927 vetus
892 2864 1062 2948 interpres,
1077 2863 1130 2947 qui
1152 2864 1197 2927 sie
1215 2864 1325 2940 vertit,
1341 2865 1387 2928 let
1407 2864 1461 2929 beo
1479 2884 1535 2928 eree

428 2963 587 3040 indicitur,
603 2963 684 3048 qued
696 2985 784 3028 οννυα
797 2965 838 3028 eit
851 2964 939 3049 apud
950 2965 1030 3049 ipses
1037 2965 1231 3048 μνυρλοίὶους
1242 2986 1348 3028 sermo.

474 3064 513 3127 P.
529 3084 600 3148 191.
618 3063 637 3127 Ι.
648 3086 680 3144 4.
702 3067 754 3128 τόν
769 3064 821 3148 γε]
842 3091 879 3146 γε
899 3067 991 3129 abest
1011 3087 1032 3128 u
1050 3064 1232 3149 Νίοομίυτυ,
1249 3068 1304 3129 τόν
1322 3091 1356 3130 τε
1369 3067 1418 3130 od.
1436 3065 1534 3151 Stopl„

431 3166 564 3231 Sruoru.

475 3269 558 3331 Ibid.
577 3268 597 3331 l.
608 3286 641 3351 5.
666 3272 737 3331 κατᾶ
754 3268 915 3352 ἀλήθειαν]
940 3269 1239 3333 Phuutusiastarum
1262 3291 1319 3334 seu
1341 3269 1536 3336 Doeetemm

432 3369 604 3453 opiniones,
627 3369 740 3452 quibus
764 3369 911 3432 Mareiou
931 3370 1073 3433 imbutus
1092 3377 1154 3446 est,
1173 3371 1279 3455 signat
1298 3381 1425 3436 αοοίοτ.
1464 3373 1536 3436 Vid.

432 3470 617 3534 Tertuliien.
634 3471 687 3533 lib.
698 3471 740 3532 iii.
756 3471 827 3534 ude.
844 3472 998 3534 Μαννίου.
1014 3492 1084 3555 cap.
1098 3473 1127 3534 8.

478 3570 561 3633 Ibid.
578 3571 598 3633 l.
612 3589 640 3651 7.
652 3568 749 3633 Ὅθεν
764 3595 809 3633 τοι
825 3572 873 3634 καὶ
888 3573 1008 3634 ἐπειδᾶν
1022 3572 1097 3657 Seu]
1115 3572 1153 3633 In
1171 3570 1436 3657 Ctnetoptomm'
1447 3575 1536 3639 Lem.

431 3671 492 3734 boe
507 3673 577 3733 ὅθεν
592 3695 637 3732 τοι
653 3670 752 3747 deest,
768 3677 802 3733 et
816 3679 889 3754 post
905 3673 933 3733 oi
948 3671 1091 3753 sequitur
1105 3671 1182 3734 illud
1197 3674 1255 3735 ἀπὸ
1271 3678 1322 3750 τῆς
1337 3675 1507 3753 ἐκκλησίας.

476 3771 559 3833 ibid.
587 3770 675 3832 λιι.
702 3769 816 3855 αὐτοῖς]
844 3772 951 3836 Abest
975 3773 1018 3835 eb
1044 3772 1091 3835 οοί,
1115 3772 1217 3856 Sept.
1241 3772 1386 3859 Rufinus,
1408 3774 1535 3859 Nteps

436 3870 603 3954 Obrietepb.
626 3871 718 3933 [ναοί.
734 3870 881 3955 editioque
905 3873 1019 3935 Veteri
1038 3873 1198 3936 exhibent.
1245 3874 1326 3936 Mox
1342 3877 1476 3939 verbum
1494 3902 1538 3940 τε·

432 3977 583 4034 λειοῦνται
606 3993 663 4033 suo
685 3971 754 4034 loeo
776 3981 913 4050 movent,
935 3996 973 4037 ου
997 3975 1123 4037 demum
1145 3983 1218 4058 post
1238 3977 1382 4054 πνεύματι
1402 3985 1537 4061 ponunt,

436 4070 604 4155 christoph.
625 4073 719 4134 ἰαστί.
740 4072 872 4134 Srroru.
896 4075 995 4139 atreis
1016 4096 1120 4157 ουανρο
1139 4074 1269 4138 exhibet
1290 4077 1474 4160 νοοναμίαήο
1493 4079 1536 4141 od.

433 4173 537 4256 sept.
554 4172 638 4256 quod
660 4172 692 4234 iu
711 4172 885 4237 Bodleiauu
899 4182 1054 4238 servetur.
1099 4174 1153 4238 Ite
1167 4181 1201 4238 et
1215 4196 1318 4260 ανατρο
1330 4178 1539 4262 δοαίὶρυήαοί

432 4272 568 4357 sumpti.
615 4272 677 4336 Sed
701 4273 804 4350 abest,
827 4297 910 4338 nune
930 4283 1073 4340 testante
1097 4276 1252 4353 Burtouo,
1271 4297 1293 4339 υ
1314 4277 1400 4340 redd.
1416 4280 1489 4363 1109.
1505 4286 1538 4342 et

433 4374 600 4437 Purisirtie.

479 4473 596 4538 Ibid.1.
617 4495 625 4536 r
633 4494 663 4559 3.
681 4477 728 4538 καὶ
740 4477 992 4559 ὅτι-πρόδηλον]
1018 4477 1182 4541 Mueeulus
1196 4479 1310 4543 vertit:
1337 4481 1428 4559 Quod
1439 4491 1538 4546 wer·

430 4573 483 4637 λου
497 4596 611 4649 eorem,
626 4585 653 4638 et
667 4577 775 4640 nostrie
789 4577 1126 4662 compedire—sactum
1138 4578 1187 4656 eit,
1195 4579 1267 4662 jam
1280 4589 1371 4644 antea
1379 4592 1480 4665 patet.

477 4675 557 4738 Ibid.
573 4677 593 4738 l.
611 4696 658 4760 15.
676 4679 710 4740 έν
724 4684 786 4744 τοῖς
800 4680 867 4759 περὶ
882 4679 973 4742 Γάϊον
994 4680 1042 4742 καὶ
1056 4677 1271 4759 Ἀλέξανδρον]
1288 4681 1340 4743 De
1359 4681 1448 4747 hisee
1461 4685 1537 4748 duo-

432 4775 492 4839 bus
507 4776 701 4860 martyribus
715 4778 799 4861 quod
814 4778 921 4862 posuit
934 4779 1102 4855 Beronius,
1115 4780 1273 4862 quemodo
1284 4803 1319 4844 se
1328 4783 1413 4846 tueri
1427 4785 1537 4869 possit,

433 4876 548 4950 neseio,
565 4876 597 4938 iu
614 4877 707 4940 Notis
721 4879 763 4940 ed
778 4879 945 4961 Martyret.
958 4881 1088 4942 Romae.
1109 4881 1222 4944 Martii
1242 4902 1299 4956 103
1326 4882 1386 4946 uisi
1399 4884 1485 4950 forte
1498 4907 1536 4949 ex

432 4976 724 5062 pseudepigraphis‚
736 4987 754 5014 “
767 4978 887 5042 Eorum
900 4979 1087 5062 martyrium
1102 4980 1228 5064 scripsit
1244 4982 1278 5044 S.
1287 4982 1419 5067 Dionys.
1431 4986 1534 5070 Episu

434 5087 456 5117 ‘³
471 5077 719 5142 Alexandrinus.
744 5078 847 5142 Extat
861 5080 946 5163 apud
961 5079 1078 5143 Euseb.
1091 5080 1177 5145 Hist.
1188 5081 1241 5145 lib.
1254 5104 1286 5166 5.
1302 5107 1330 5148 ο.
1347 5105 1356 5146 ι
1363 5101 1395 5168 5.
1418 5087 1451 5148 iu
1465 5086 1537 5149 flu?
