3917 6467
751 1092 972 1160 AFRICANI
996 1092 1269 1159 CHRONICON.
1495 1090 1560 1156 273

460 1255 608 1354 γέγονεν
642 1252 835 1350 ἐπώνυμος,
867 1258 1020 1331 πολλῶν
1055 1249 1322 1356 διαφθαρέντων
1359 1250 1556 1341 διασωθεὶς,

458 1385 552 1465 κατὰ
569 1384 635 1485 τὴν
652 1387 712 1466 ἀπ’
733 1387 918 1486 Αἰγύπτου
936 1394 1001 1465 τοῦ
1017 1392 1110 1463 λαοῦ
1133 1380 1224 1480 μετὰ
1243 1382 1410 1465 Μωσέως
1432 1381 1556 1488 ἔξοδον

459 1523 686 1620 γεγενῆσθαι.
725 1516 840 1598 Τόνδε
858 1518 921 1597 τὸν
939 1519 1086 1619 τρόπον·
1111 1519 1168 1598 ἐπὶ
1181 1516 1247 1615 τὴν
1259 1515 1406 1618 πρῶτην
1417 1516 1556 1614 Ὀλυμ-

459 1649 571 1731 πιάδα
594 1649 660 1749 τὴν
684 1650 948 1753 προειρημένην,
967 1649 1040 1729 οἰπδ
1060 1647 1220 1751 Ὠγύγου
1245 1649 1306 1749 ἕτη
1331 1646 1560 1752 δειχθήσεται

434 1783 539 1894 ςριί.
568 1782 641 1864 ἀπὸ
660 1781 698 1863 δὲ
715 1788 777 1883 τῆς
796 1782 941 1886 πρώτης
960 1780 1209 1873 Ὀλυμπιάδος
1231 1784 1289 1861 ἐπὶ
1307 1786 1370 1881 τῆς
1389 1781 1449 1860 νέ.
1480 1780 1558 1862 ἔτος

458 1925 612 2021 πρῶτον,
634 1915 820 1996 τουτέστιν
842 1918 900 1996 ἐπὶ
930 1915 1053 2018 Κύρου
1080 1915 1270 2008 βασιλείοις
1298 1916 1375 1998 ἔτος
1403 1920 1558 2015 πρῶτον,

459 2042 547 2145 ὅπερ
578 2039 623 2141 ἦν
655 2044 905 2145 αἰχμαλωσίας
934 2042 1049 2139 τέλος,
1078 2043 1140 2143 ἔτη
1169 2042 1262 2146 σιζ’.
1302 2043 1374 2123 ἀπὸ
1396 2040 1556 2143 Ὠγύγου

458 2179 577 2258 τοίνυν
607 2180 666 2257 ἐπὶ
692 2183 824 2279 Κῦρον,
845 2177 906 2278 ἔτη
931 2176 1069 2284 MC·
1099 2183 1129 2255 εἰ
1153 2181 1183 2256 δ’
1203 2177 1374 2282 ἀναφέροι
1397 2210 1451 2259 τις
1474 2178 1556 2258 ε’πι·.

459 2311 696 2415 λογιζόμενος,
708 2311 782 2391 ἀπὸ
793 2319 858 2390 τοῦ
871 2312 996 2394 τέλους
1008 2315 1072 2409 τῆς
1085 2312 1346 2415 αἰχμαλωσίας,
1360 2309 1406 2389 τὰ
1417 2307 1555 2418 ,ασλζῖ

422 2445 534 2545 ιοέτη·
563 2444 655 2525 κατὰ
673 2442 851 2525 ἀνάλυσιν
867 2446 1066 2549 εὑρίσκεται
1084 2443 1213 2525 ταύτδν
1228 2442 1420 2543 διάστημα,
1439 2445 1496 2523 ἐπί
1513 2442 1557 2522 τὸ

458 2585 603 2680 πρῶτον
629 2578 707 2663 ἔτος
735 2584 799 2678 τῆς
829 2577 901 2659 ἀπὸ
934 2579 1120 2681 Αἰγύπτου
1149 2577 1208 2660 διὰ
1241 2577 1407 2662 Μωσέως
1431 2577 1557 2684 ἐξόδου

457 2711 621 2815 Ἰσραὴλ,
638 2712 729 2792 ὅσον
758 2712 830 2793 ἀπὸ
858 2717 922 2812 τῆς
951 2716 1196 2813 πεντηκοστῆς
1224 2710 1387 2810 πέμπτης
1407 2710 1552 2811 Ὀλυμ-

457 2845 585 2931 πιάδος
602 2850 661 2926 ἐπὶ
671 2843 850 2947 Ὤγυγον,
866 2844 906 2928 δς
927 2844 1066 2924 ἔκτισεν
1082 2847 1289 2925 Ἐλευσῖνα.
1320 2842 1402 2922 ὅθεν
1425 2846 1553 2944 ἐπιση·

457 2978 608 3081 μύτερόν
625 2981 705 3058 ε’στι
723 2985 942 3072 καταλαβεῖν
959 2975 1026 3076 τὴν
1042 2977 1211 3077 Ἀττικὴν
1229 2980 1508 3083 χρονογραφιίιν.

417 3142 448 3203 15
512 3115 652 3215 Ὀλίγα
678 3111 717 3191 δέ
743 3112 880 3192 τούτων
904 3114 943 3191 ἐν
961 3113 1172 3213 Ἀσσυρίοις
1196 3110 1321 3211 λύγοις
1344 3108 1557 3215 ἀρχαιότερα

457 3245 683 3345 μυθετεύεται
702 3246 747 3351 (1.
765 3244 987 3351 μυθεύεται).
1015 3250 1156 3346 πρῶτος
1173 3242 1261 3349 ἦρξε
1279 3249 1390 3327 Νῖνος
1411 3242 1558 3343 ἁπάσης

456 3385 522 3480 τῆς
541 3380 672 3462 Ἀσίας
699 3376 800 3476 πλὴν
821 3380 956 3473 Ἰνδῶν,
979 3377 1075 3457 ἔτεσι
1096 3376 1140 3473 τ’,
1160 3377 1243 3483 (eor.
1263 3374 1333 3473 vii.
1352 3377 1491 3484 Gnarus)
1514 3380 1556 3456 οὐ

456 3510 555 3595 πολὺ
576 3509 749 3613 πρότερον
765 3510 936 3612 Ὠγύγου.
969 3518 1096 3590 τούτου
1117 3509 1297 3615 διεδέξατο
1321 3511 1554 3612 Σεμίραμιςῆ

408 3735 886 3875 nizffiifflvr'dffl
913 3754 980 3872 cl'ii
1030 3733 1551 3873 imeiiimisi‘sssszit‘issflffss

477 3836 789 3953 nodhuncgirimddum
799 3893 979 3953 conficimus.
1030 3913 1110 3951 mum
1132 3914 1169 3952 ex
1190 3835 1321 3972 Jdgypto
1343 3857 1401 3971 per,
1415 3834 1552 3972 ἰίίογίἰιαι

487 3974 507 4032 b
533 3974 638 4053 Ogyge
664 3973 701 4032 sd
728 3974 851 4052 primum
874 3972 978 4051 Olym·
1029 3972 1153 4031 eductus
1181 3971 1272 4032 Israel
1306 3983 1361 4038 est,
1388 3972 1467 4050 quod
1501 3974 1552 4031 ebs

454 4051 571 4132 pisdem
582 4053 839 4131 nnniputsnturvi
862 4053 915 4110 'nti
929 4070 978 4110 su·
1029 4052 1267 4130 quinquagesima
1289 4052 1393 4128 quinte
1417 4050 1551 4130 Olympi·

454 4151 509 4211 pre
523 4130 621 4192 millet
642 4132 679 4191 ub
693 4073 869 4210 Olympia&
887 4132 980 4209 prims
1029 4130 1083 4189 nde
1104 4130 1141 4188 sd
1155 4131 1300 4209 Ogygem,
1315 4132 1365 4207 qui
1380 4131 1551 4189 Eleusinem

407 4210 978 4290 sssdprimumquinqnsgesimrequin·
1029 4208 1170 4275 condidit,
1189 4229 1341 4268 excurrere
1363 4209 1473 4269 dictum
1496 4222 1551 4267 est.

454 4301 494 4349 ter
507 4290 687 4367 annumqui
702 4290 813 4368 primus
826 4289 895 4348 item
909 4290 979 4367 Cyri
1030 4287 1131 4365 Atque
1161 4287 1229 4348 inde
1259 4286 1376 4365 quidem
1409 4289 1552 4367 insignius

454 4369 534 4447 regis
556 4388 650 4427 sunus
673 4379 728 4434 est,
752 4368 886 4445 idemque
911 4388 977 4446 esp·
1029 4368 1135 4426 Attice
1159 4367 1352 4445 chronologiae
1376 4367 1550 4447 principium

454 4447 581 4507 tivitstis
593 4447 615 4505 J
617 4448 726 4508 udaieis
740 4448 815 4512 finis,
830 4448 898 4504 unni
912 4468 977 4526 sep·
1029 4446 1096 4506 duci
1111 4457 1217 4526 potest.

454 4526 610 4586 temdecim
624 4547 712 4606 supra
728 4526 885 4585 ducentos:
909 4546 978 4603 ergo
1069 4528 1115 4583 Ex
1128 4527 1174 4585 his
1192 4527 1278 4585 rebus
1300 4546 1401 4605 pauca,
1416 4546 1481 4603 quae
1499 4545 1549 4584 sn-

407 4606 492 4681 3osb
505 4606 610 4685 Ogyge
622 4605 660 4664 sd
671 4608 781 4685 Cyrum
796 4624 897 4683 usque,
909 4605 978 4663 enni
1028 4605 1154 4681 tiquiors
1174 4617 1253 4674 sunt,
1268 4605 1298 4663 in
1320 4605 1402 4664 libris
1423 4605 1550 4683 Assyriis

454 4685 577 4763 triginu
585 4696 696 4763 septem
706 4705 794 4765 cupre
802 4684 978 4744 miilsscdu-
1028 4696 1191 4743 narrentur.
1234 4684 1384 4743 Universoe
1398 4695 1496 4742 sutem
1506 4682 1550 4740 A.

454 4773 556 4823 centos
565 4783 666 4823 omnes
679 4763 869 4841 colliguntur.
898 4763 976 4829 Jsm,
1028 4763 1078 4821 sin
1101 4764 1231 4843 exeeptis
1259 4763 1342 4822 Indis
1368 4763 1452 4822 annis
1480 4781 1550 4837 300.

453 4843 506 4920 qui
520 4862 634 4902 sursum
649 4863 749 4903 versus
762 4843 799 4902 sb
812 4843 895 4903 exitu
908 4862 977 4936 esp·
1030 4843 1242 4916 (coniicerm
1266 4846 1330 4919 52.)
1359 4842 1455 4901 multo
1481 4852 1550 4901 snts

454 4922 581 4981 tivitstis
595 4942 686 4981 annos
699 4933 830 4982 retexere
840 4922 978 4989 volusnt,
1029 4924 1161 5001 Ogygem
1189 4921 1289 4982 Ninus
1313 4920 1466 5001 imperavit
1511 4921 1549 4977 ri-

410 5001 481 5066 ssi·
494 5001 615 5079 triginta
628 5012 738 5078 septem
754 5021 842 5080 supra
852 5000 932 5060 mille
945 5021 979 5060 uc
1029 5020 1104 5059 mus.
1147 5001 1228 5059 Huic
1262 5000 1400 5060 successit
1430 4941 1551 5058 celeiris

456 5079 598 5139 ducentos
611 5080 786 5140 revolvendo
805 5080 980 5167 numerabit3
1030 5079 1080 5137 illa
1095 5080 1271 5146 Semiramis,
1287 5099 1352 5155 quse
1366 5077 1466 5135 multis
1482 5077 1553 5136 locis

500 5202 567 5244 VOL.
585 5203 617 5243 ΙΙ.
1065 5204 1085 5241 Ν
1101 5201 1123 5242 n
