3917 6467
427 1096 492 1159 coe
802 1092 1156 1193 Aunornuronus

427 1264 577 1329 Nicolans
602 1264 769 1350 Rigaltius‚
795 1265 905 1349 quiin
932 1264 1026 1329 Notis
1051 1263 1117 1327 suis
1141 1263 1184 1326 ad
1210 1259 1391 1347 Epistolam
1413 1279 1503 1323 nouam
1563 1272 1564 1321 l

426 1366 586 1452 Cypriani,
611 1373 749 1430 ecstasee
771 1365 910 1429 furorem
935 1373 969 1429 et
992 1364 1216 1430 alienationem
1238 1362 1356 1427 mentis
1378 1362 1506 1447 interpre

428 1476 517 1533 tatus
542 1475 601 1532 est.
647 1468 719 1530 Non
745 1468 793 1530 ita
817 1467 1042 1553 Hieronymus,
1066 1465 1156 1552 cujus
1179 1465 1249 1529 haec
1274 1471 1352 1529 sunt
1374 1464 1463 1528 verba
1477 1464 1508 1528 ul

427 1569 558 1633 Suniam
573 1577 607 1634 ct
619 1569 789 1633 Fretelam.
818 1568 924 1632 Aliter
936 1569 1018 1633 enim
1027 1568 1161 1631 Latinus
1173 1588 1268 1630 amno
1279 1564 1511 1648 ircrccwecpri

425 1692 504 1735 mere
518 1693 576 1734 coc
582 1679 686 1756 potest,
702 1671 764 1734 niet
778 1671 883 1734 mente
896 1691 1048 1735 excessum.
1084 1669 1139 1734 Ita
1154 1669 1254 1733 etiam
1268 1666 1513 1732 Tertullianusin

426 1772 508 1836 libro
523 1773 563 1836 de
579 1773 697 1835 Anima
711 1794 780 1858 cap.
791 1788 843 1856 45.
880 1773 978 1836 Hanc
996 1772 1059 1835 οῖον
1076 1772 1209 1836 mamm
1231 1771 1374 1848 dicimus,
1389 1790 1516 1835 eamn

425 1896 527 1938 marus
541 1884 569 1938 et
583 1875 723 1937 amentia
737 1876 845 1938 ι’νινοατ.
892 1875 983 1938 Idem
998 1881 1107 1938 tamen
1121 1873 1257 1937 εοεΐοοῖινι
1270 1871 1421 1937 absolute
1433 1892 1517 1936 οιιει-

426 1976 503 2039 tiam
528 1975 769 2059 interpretetur,
795 1975 905 2059 aitque
929 1974 1106 2060 spiritalem
1128 1995 1197 2038 esee
1221 1973 1284 2038 vim
1313 1994 1380 2058 qua
1408 1978 1518 2038 coum

427 2077 604 2162 prophetia.
650 2076 702 2140 Sic
716 2075 749 2138 in
763 2076 816 2140 lib.
833 2077 873 2140 de
889 2077 1010 2141 Anima
1024 2099 1091 2162 cap.
1106 2095 1156 2140 21.
1172 2083 1207 2140 et
1221 2076 1255 2139 in
1269 2074 1353 2140 libro
1365 2076 1407 2140 ir.
1422 2082 1520 2140 centn

429 2177 630 2242 Marcionem
650 2199 720 2263 cap.
732 2196 782 2242 22.
819 2181 941 2243 Verum
962 2179 1032 2242 haeo
1053 2200 1075 2243 a
1097 2177 1295 2242 Tertulliano
1318 2177 1442 2262 scripta
1458 2182 1520 2241 sunt

428 2278 577 2342 Montani
593 2279 752 2342 erroribus
763 2280 832 2363 jam
847 2280 991 2365 decepto.
1015 2280 1180 2343 Vsnmrus.

472 2380 509 2444 P.
529 2380 600 2443 188.
615 2379 636 2443 l.
655 2381 703 2444 18.
725 2383 807 2444 ἀλλὰ
826 2383 866 2460 μὴ
885 2383 957 2445 ἄνευ
977 2388 1030 2445 τοῦ
1052 2385 1125 2446 ἰδεῖν
1139 2383 1213 2461 ἡμᾶς
1227 2381 1415 2445 ἐπίστασθαί
1432 2405 1458 2444 τι
1474 2384 1522 2443 τᾶν

426 2482 566 2545 τοιούτων
587 2483 753 2565 νομίζομεν]
783 2481 823 2543 ln
840 2480 948 2544 codice
967 2480 1079 2566 Regio,
1098 2480 1184 2545 Maz.
1202 2480 1283 2543 Fulr.
1306 2479 1382 2544 Sav.
1399 2491 1433 2544 et
1447 2478 1523 2543 Meti

426 2583 580 2666 scriptum
595 2581 697 2665 reperi
718 2583 800 2644 ἀλλὰ
814 2582 864 2661 μή.
909 2583 1013 2663 Quam
1032 2583 1200 2647 lectionem
1219 2581 1377 2646 veriorem
1397 2602 1464 2646 mse
1478 2600 1524 2644 ex·

426 2682 552 2755 istimo;
577 2705 709 2767 eamque
727 2690 854 2749 secutus
874 2690 923 2748 est
943 2684 1117 2748 Musculus.
1161 2686 1211 2749 At
1226 2682 1527 2768 Christophorsonus

427 2785 496 2848 liaeo
518 2807 575 2869 per
599 2784 882 2870 interrogationem
903 2785 965 2849 dici
988 2785 1190 2850 existimavit.
1219 2787 1382 2849 Vmssrus
1408 2783 1467 2864 μὴν
1485 2782 1526 2848 τά

426 2887 530 2971 sapt.
547 2908 620 2950 mox
635 2886 751 2971 legitur
765 2888 837 2950 lium
851 2892 904 2951 τοῦ
917 2892 981 2952 δεῖν
995 2886 1027 2951 in
1041 2889 1114 2951 Ma
1131 2888 1236 2973 Stept.
1252 2894 1285 2952 et
1300 2888 1344 2952 ad
1354 2885 1527 2970 norpadi&

430 2990 537 3052 Genea.
554 2997 588 3052 et
601 2988 660 3067 μὴν
680 2993 743 3051 δεῖν
761 2989 837 3067 ἡμᾶς
851 2988 918 3052 sine
937 2990 1009 3053 ἄνευ
1023 2992 1075 3053 τοῦ
1090 2991 1286 3054 Jotteat‘csnam
1301 2989 1407 3074 Sept.
1422 2990 1528 3054 Eoo*

421 3090 510 3174 plor.
537 3089 670 3153 Srnoru.
717 3090 758 3152 ln
780 3089 920 3153 editionis
946 3090 1049 3175 crept.
1075 3092 1252 3176 compleri,
1278 3092 1365 3176 quod
1391 3091 1426 3155 in
1451 3090 1529 3154 Bod-

427 3191 530 3255 leiana
544 3196 698 3268 servatur,
709 3191 781 3253 ἄνευ
796 3190 923 3274 punctis
938 3198 1086 3256 notatum
1100 3200 1162 3270 est,
1176 3201 1210 3257 et
1224 3192 1330 3257 abfuit
1343 3214 1365 3256 a
1379 3191 1530 3277 Secliqaei

428 3294 471 3356 M
470 3296 534 3356 Sto.
546 3317 574 3355 τι
587 3291 679 3355 abest
694 3312 714 3355 a
728 3292 807 3356 MS.
819 3291 959 3375 Norsole.
974 3293 1007 3355 in
1022 3316 1086 3378 quo
1100 3293 1250 3357 scribitur
1265 3297 1361 3372 νόμιζε
1375 3315 1435 3379 pro
1450 3293 1529 3372 νομί-

425 3404 523 3473 ζομεν,
539 3392 723 3478 respuitque
738 3414 844 3456 vocem
860 3396 1000 3457 τοιούτων
1015 3396 1092 3460 MS.
1109 3395 1200 3459 Bodl.
1219 3417 1275 3458 seu
1294 3394 1398 3459 Socii.
1442 3393 1530 3457 Nunc

427 3495 525 3559 refert
542 3496 703 3558 Burtonus
723 3495 847 3558 codices
866 3516 974 3559 omnes
995 3505 1113 3580 praeter
1127 3497 1244 3560 Jouceii
1263 3497 1358 3560 Lcctt.
1379 3504 1531 3580 prostare

426 3600 475 3678 μὴ,
493 3599 547 3661 sod
563 3596 657 3661 scribi
673 3603 736 3661 δεῖν
750 3618 809 3681 pro
825 3600 899 3660 ἰδεῖν
913 3597 945 3660 in
960 3598 1044 3660 codd.
1061 3599 1146 3661 Med.
1160 3602 1245 3663 Μαι.
1258 3600 1367 3662 Fuket.
1381 3599 1488 3663 Paris.
1503 3619 1529 3661 1.

427 3709 461 3765 et
476 3701 574 3764 Socii.
586 3701 628 3763 ad
643 3700 710 3763 haeo
722 3701 833 3763 extare
845 3700 878 3762 in
888 3701 1066 3764 Floretlino
1068 3702 1241 3785 posteriori,
1253 3715 1351 3784 atque
1362 3723 1384 3765 a
1395 3701 1531 3765 secunda

427 3824 524 3866 manu
538 3803 571 3865 in
579 3803 693 3887 priori,
706 3804 868 3881 νομίζωμεν
882 3823 940 3886 pro
961 3804 1128 3882 νομίζομεν.
1166 3803 1239 3866 Ηοο
1254 3802 1383 3888 quidem
1399 3824 1441 3866 ex
1458 3823 1529 3866 con·

422 3905 551 3990 jectura
565 3905 700 3967 fortasse
721 3924 818 3966 causa
833 3904 1020 3967 emendandi
1040 3912 1145 3969 ortum
1164 3912 1223 3981 est,
1239 3904 1295 3968 sed
1316 3905 1477 3989 particula
1494 3904 1531 3983 μὴ

426 4013 502 4092 post
528 4009 610 4069 ἀλλὰ
636 4027 707 4068 cum
734 4005 828 4069 verbo
859 4006 1038 4068 ἐπίστασθαι
1064 4006 1204 4069 construi
1230 4006 1337 4070 debet.
1384 4006 1531 4071 ceterum

429 4107 634 4192 Apollonium
649 4106 895 4170 ecclesiasticum
910 4106 1097 4191 scriptorem
1115 4107 1296 4183 tradidisse,
1306 4108 1493 4170 Montanum
1506 4107 1532 4170 ei

427 4209 555 4272 incanae
577 4218 658 4272 cotes
672 4209 800 4292 petiisse
820 4208 988 4292 suspendio,
1004 4208 1052 4273 ait
1076 4207 1290 4292 Hieronymus
1305 4208 1356 4270 De
1377 4208 1465 4271 Viris
1479 4206 1531 4271 Ill.

427 4331 496 4394 cap.
518 4310 560 4373 xl.
582 4310 676 4374 (lons.
700 4316 767 4372 not.
794 4310 836 4373 ad
862 4311 1035 4372 Aronnonn
1062 4309 1259 4394 Fragmenta
1283 4329 1383 4392 supra
1407 4308 1479 4372 Vol.
1505 4306 1531 4369 l.

428 4434 459 4496 p.
477 4414 519 4490 46
520 4428 552 4495 5.
568 4412 658 4474 etad
673 4411 785 4473 horum
801 4410 987 4492 Fragment.
1002 4410 1073 4474 init.
1376 4398 1382 4411 ¹

471 4512 510 4577 P.
526 4512 627 4594 189.1.
643 4531 671 4593 7.
685 4513 743 4575 Kal
757 4512 796 4590 μὴ
811 4511 925 4593 λεγέτω
940 4513 1011 4594 &c.]
1032 4511 1140 4575 Alium
1158 4512 1360 4596 praestiturus
1375 4509 1532 4574 Eusebius

427 4614 569 4698 ejusdem
588 4614 728 4678 auctoris
750 4613 862 4687 locum,
886 4615 954 4678 haec
974 4613 1146 4698 praemisit3
1177 4615 1265 4680 Αὖθις
1285 4611 1309 4675 δ’
1332 4614 1368 4676 ἓν
1390 4616 1434 4697 τῷ
1456 4613 1531 4695 αὐτῷ

427 4718 504 4796 φησὶ
518 4716 610 4799 λόγῳ,
626 4716 694 4782 τοὺς
708 4718 775 4779 τότε
795 4716 891 4796 ἱεροὺς
911 4719 1091 4783 ἐπισκόπους
1110 4719 1307 4795 πεπειρᾶσθαι
1319 4717 1376 4792 μὲν
1397 4713 1433 4776 τὸ
1449 4713 1532 4797 lorgi

428 4819 603 4896 Μοξιμίλλῃ
620 4819 736 4896 πνεῦμα
755 4816 914 4898 διελέγξαι·
939 4821 1123 4882 κεκωλύοθαι
1143 4821 1175 4882 δὲ
1195 4818 1268 4898 πρὸς
1288 4816 1408 4897 ἑτέρων,
1429 4839 1531 4894 συνερ-

426 4920 560 4999 γούντων
582 4919 694 4997 δηλαδὴ
716 4923 755 5004 τῷ
778 4921 930 4997 πνεύματι.
954 4920 1065 5001 γράφει
1087 4922 1119 4982 δὲ
1141 4923 1240 4986 οὕτως.
1265 4924 1334 4982 ΚΑΙ
1354 4917 1396 4997 μὴ
1418 4913 1530 4997 λεγέτω

429 5020 484 5083 διο.
528 5020 635 5102 Itessrt
643 5030 797 5104 praetcree
812 5021 846 5082 in
860 5021 957 5084 eodem
973 5019 1050 5084 libro
1063 5021 1262 5084 commines
1275 5020 1425 5104 episcopos
1437 5018 1529 5103 epiri·

425 5128 490 5181 tum
508 5119 596 5183 illam
614 5122 668 5205 qui
689 5122 723 5185 in
737 5121 922 5185 Mocimillo
942 5120 1096 5197 reiectat,
1112 5121 1268 5204 confictore
1282 5131 1400 5186 mccc
1414 5119 1529 5206 puden
