3917 6467
694 914 742 979 IN
765 914 989 980 AFRICANI
1013 914 1258 981 OHRONICA.
1464 915 1529 981 487

424 1104 457 1146 τε
484 1082 613 1164 ἁρπαγὴ,
641 1084 690 1145 καὶ
716 1082 870 1163 Δήμητρος
892 1082 1046 1161 μυστήρια,
1071 1082 1267 1145 Ἐλευσινίων
1293 1082 1415 1162 ἵδρυσις,
1434 1087 1528 1161 Τριπ-

424 1183 555 1262 τολέμου
568 1184 709 1264 γεωργία,
726 1184 867 1264 Εὐρώπης
881 1183 939 1245 ὑπὸ
955 1183 1031 1248 Διὸς
1045 1183 1174 1263 ἁρπαγὴ,
1190 1186 1388 1249 ’Λπόλλωνος
1401 1182 1529 1264 γένεσις,

426 1285 549 1365 Κάδμου
564 1287 613 1349 ἐπὶ
628 1286 736 1365 Θήβας
755 1288 914 1365 παρουσία·
940 1288 989 1350 καὶ
1010 1287 1053 1349 ἔτι
1073 1288 1184 1349 τούτων
1206 1287 1354 1365 νεώτεροι,
1372 1286 1530 1361 Διόνυσος,

426 1390 543 1465 Μίνως,
571 1388 731 1471 Περσεὺς.’
744 1389 939 1467 Ἀσκληπιὸς,
965 1390 1156 1468 Διόσκουροι,
1181 1385 1345 1467 Ἡρακλῆς.
1368 1386 1480 1448 τούτων
1506 1385 1532 1448 δ’

426 1490 569 1553 ἁπάντων
582 1493 786 1571 πρεσβύτερος
800 1492 933 1572 γεγονὼς
947 1492 1123 1553 συνίσταται
1139 1492 1260 1566 Μωσῆς,
1280 1489 1318 1554 ὡς
1334 1488 1372 1551 ἂν
1387 1491 1461 1550 κατὰ
1475 1486 1534 1550 RI-

426 1616 522 1672 κροπα
532 1592 588 1669 τῆν
601 1592 720 1670 ἡλικίαν
731 1592 877 1671 ἀκμάσας.
894 1613 925 1675 p.
936 1594 1010 1670 484.
1024 1591 1074 1654 ed.
1085 1589 1205 1675 Vigeri.
1254 1589 1319 1652 His
1331 1588 1444 1652 similia
1459 1610 1532 1673 pro·

425 1692 545 1767 iemnt,
569 1693 624 1756 sed
653 1693 774 1756 Inacho
795 1691 950 1775 aequnlem
976 1691 1102 1754 Moscm
1128 1691 1289 1767 facientes,
1317 1691 1472 1754 Totienus
1498 1701 1533 1754 et

426 1792 573 1856 Clemens
596 1793 701 1869 Alex„
720 1794 772 1877 qui
794 1801 870 1857 entc
891 1793 1076 1856 Africanum
1103 1792 1308 1875 scripserunt,
1325 1792 1368 1856 eb
1393 1790 1533 1855 Eusebio

426 1893 460 1956 in
470 1915 564 1977 capp.
575 1913 586 1955 ι
599 1912 623 1957 ι.
639 1900 672 1957 et
689 1912 737 1955 ιο.
749 1893 849 1978 ejusd.
862 1893 934 1956 Iibri
948 1893 1091 1957 adducti.
1136 1893 1251 1958 Confer
1266 1892 1320 1956 fin.
1337 1894 1432 1956 Num.
1443 1914 1531 1956 xxiv.

471 1996 510 2058 P.
530 2013 603 2076 277.
617 1995 639 2059 l.
656 2013 685 2059 2.
704 1996 787 2074 ἔδοξε
802 1994 837 2073 δή
854 1993 920 2079 μοι]
943 1996 979 2073 δὴ
1003 2017 1062 2077 pro
1085 1997 1118 2057 δὲ
1141 1994 1271 2058 Emcbii
1293 1997 1369 2058 MS.
1390 1996 1423 2058 S.
1438 1995 1533 2058 Joao.

426 2103 461 2159 et
472 2096 639 2178 Syncollm
656 2097 741 2181 quod
752 2118 836 2159 nuuc
849 2095 986 2180 reposui.
1032 2094 1181 2159 Firmant
1194 2095 1279 2159 codd.
1295 2106 1424 2180 quotuor
1440 2097 1532 2160 Gais-

418 2197 577 2281 sordiooi.
623 2198 743 2283 Ogygio
758 2205 923 2281 spectetur
937 2205 1063 2280 tempus
1076 2202 1118 2281 τῷ
1134 2197 1236 2261 Mosis
1259 2198 1389 2281 ecquale.

473 2299 557 2363 lbid.
573 2298 593 2361 l.
614 2320 661 2384 13.
677 2303 723 2364 ὅτι
737 2325 770 2364 τε
784 2300 975 2382 Ἀθηναίους]
1000 2299 1126 2363 Mavult
1143 2298 1280 2384 Vigerns
1301 2302 1367 2367 τούς
1389 2326 1422 2363 τε
1436 2299 1483 2363 Ἀ.
1499 2306 1534 2364 et

428 2402 560 2465 Goerus
573 2402 615 2465 nd
632 2400 764 2485 SyocoII.
781 2400 835 2464 ubi
850 2398 967 2483 legitur
983 2401 1033 2462 ὅτε
1047 2400 1094 2463 Ἀ.
1104 2411 1213 2465 censet
1228 2401 1429 2465 scribendum
1444 2402 1534 2464 ὥστε.

429 2502 502 2588 Ego
518 2502 635 2586 potius,
651 2503 746 2564 modo
761 2501 837 2585 quid
852 2500 1043 2563 mutandum
1057 2500 1111 2577 sit,
1126 2502 1170 2564 ἔτι
1191 2527 1234 2579 τε,
1250 2524 1320 2586 quae
1336 2501 1464 2587 quidem
1479 2522 1533 2565 vo·

429 2605 509 2669 cuIae
524 2603 702 2689 conjunctoe
717 2602 792 2666 alibi
809 2601 900 2664 nobis
915 2610 1095 2666 occurrunt.

474 2705 559 2769 lbid.
581 2704 602 2767 l.
631 2705 679 2768 16.
703 2706 737 2767 ἐν
761 2708 802 2788 τῷ
824 2703 998 2787 Τρικαρήνῳ
1023 2702 1221 2789 Θεόπομπος]
1243 2705 1272 2768 Ε
1293 2704 1409 2769 fabulis
1432 2704 1533 2769 Theo·

429 2806 547 2892 pompi,
579 2806 633 2889 qui
659 2805 776 2869 veteris
805 2803 968 2867 comoediae
994 2811 1091 2887 pocta
1115 2804 1187 2877 fuit,
1218 2805 1419 2868 Tricormum
1448 2806 1534 2869 istud

430 2907 528 2972 fuisse
550 2907 625 2971 oIim
648 2905 775 2982 censui;
799 2928 919 2982 verum,
934 2906 1091 2969 referente
1113 2906 1151 2970 cI.
1168 2906 1341 2970 Geisfordo
1361 2908 1394 2970 in
1414 2929 1536 2992 nupero

430 3010 510 3075 edit.
525 3011 634 3092 Proep.
651 3011 774 3094 Εοοιιρ.
790 3008 914 3071 monuit
932 3008 1100 3090 Augustus
1123 3007 1271 3072 Meinekc
1293 3007 1326 3071 iu
1345 3008 1431 3071 Ilici·
1454 3009 1535 3073 Crir.

433 3112 624 3177 Comicorum
649 3112 704 3174 Gr.
731 3132 761 3195 p.
785 3129 858 3193 243.
878 3109 1042 3173 advocatis
1068 3109 1210 3193 pluribus
1237 3110 1443 3195 scriptoribus
1466 3132 1536 3173 eru·

431 3214 519 3290 ditis,
539 3214 742 3277 Tricormum
757 3234 820 3275 non
840 3211 956 3275 inbuIae
974 3210 1115 3286 titulum,
1131 3213 1186 3275 sed
1205 3212 1348 3276 historici
1366 3212 1471 3296 operis
1489 3212 1535 3275 in·

433 3316 638 3401 scriptionem
653 3338 731 3392 csse,
747 3315 837 3399 cujus
851 3323 964 3378 auctor
978 3313 1202 3399 Theopompus
1218 3314 1315 3377 Chius
1329 3314 1501 3380 serebatur.

477 3417 562 3481 lbid.
577 3418 598 3481 I.
617 3418 666 3481 18.
683 3418 721 3496 ῆν
740 3416 914 3495 Προμηθεὺς
933 3416 1006 3498 dcc]
1030 3415 1147 3479 Confer
1167 3418 1263 3479 Num.
1280 3416 1423 3479 Africani
1444 3440 1534 3481 xxiv.

432 3518 465 3583 S.
480 3519 696 3603 Hieronymus
710 3518 743 3581 in
759 3517 890 3582 Eusebii
905 3516 1014 3580 (Ilaron.
1026 3516 1094 3580 haec
1110 3516 1253 3581 Airicnni
1270 3518 1316 3581 itu
1332 3520 1446 3584 vertit:
1471 3521 1538 3584 His

431 3619 610 3704 temporibus
630 3620 789 3683 umidum
811 3618 1001 3703 quorundam
1022 3618 1192 3702 opinionem
1211 3618 1399 3682 Prometheus
1411 3621 1492 3702 suit,
1515 3643 1537 3684 α

432 3744 490 3808 quo
503 3721 743 3805 iomioccsoctos
757 3729 1002 3784 coinmcmorcot:
1025 3729 1052 3782 ot
1066 3741 1099 3783 re
1113 3741 1195 3797 coro,
1210 3741 1301 3804 quom
1320 3721 1440 3805 sopiens
1456 3731 1537 3799 most,

424 3824 587 3907 feritatem
608 3834 762 3899 commit
779 3823 909 3886 nimiam
927 3822 1126 3906 imperitiam,
1141 3821 1187 3885 od
1201 3822 1416 3886 immanitatem
1434 3832 1461 3887 ct
1479 3825 1537 3887 sci·

433 3926 546 3989 entiam
560 3924 807 4011 tramſsporadot.
830 3925 872 3988 od
887 3947 939 3989 nn.
949 3924 1093 3987 Abrahae
1108 3946 1248 3986 cccxxxr.
1287 3926 1439 3988 Ceterum
1451 3926 1537 3989 Afri.

434 4028 507 4093 cani
521 4029 619 4092 verbe
633 4029 747 4092 Graece
761 4029 803 4091 ed
818 4027 915 4090 imem
933 4026 1083 4111 peginam
1103 4025 1250 4090 editionis
1270 4048 1335 4090 suae
1356 4026 1461 4111 posuit
1476 4029 1537 4090 Ar·

433 4129 546 4193 mmiae
557 4129 818 4213 Iotmprctotionis
832 4127 937 4191 editor
949 4125 1128 4201 Aucherus,
1140 4125 1225 4209 quod
1237 4124 1375 4210 neglexit
1385 4125 1489 4189 socero
1504 4124 1538 4188 in

435 4253 557 4316 nupero
571 4230 709 4294 editione
727 4229 941 4293 Chronicorum
955 4226 1082 4292 Emedii
1099 4226 1214 4291 Maius.

922 4487 1063 4552 XXIII.

481 4636 519 4697 Ρ.
533 4635 606 4715 278.
616 4633 636 4695 I.
651 4653 699 4696 10.
716 4639 755 4689 οὔ
767 4658 812 4705 μοι
826 4638 895 4691 δοκεῖ
908 4638 991 4690 καλῶς
1008 4634 1078 4713 δια]
1092 4630 1204 4717 Pergit
1216 4632 1371 4717 Georgius
1383 4629 1535 4704 scribcro;

437 4737 524 4799 ἔσται
544 4739 603 4816 γὰρ
625 4738 700 4798 κατὰ
721 4738 807 4796 τοῦτο
830 4732 945 4807 Μωσῆς
966 4732 1040 4812 πρὸς
1063 4734 1103 4818 τῷ
1125 4732 1208 4795 τέλει
1232 4736 1284 4811 τῆς
1311 4734 1382 4811 ζωῆς
1398 4734 1539 4811 Ἀβραὰμ

437 4839 564 4920 τεχθείς·
590 4840 666 4920 εἴγε
684 4836 793 4899 πάντες
813 4836 1015 4915 ὁμολογοῦσιν
1034 4833 1068 4896 τὸ
1088 4839 1205 4914 πρῶτον
1224 4834 1289 4900 ἔτος
1304 4834 1445 4913 Ἀβραὰμ
1464 4834 1539 4895 κατὰ

437 4940 472 5003 τὸ
493 4939 549 5019 pd'.
573 4940 639 5005 ἔτος
660 4940 755 5002 Νίνου
778 4940 830 4999 τοῦ
855 4935 992 5015 δευτέρου
1017 4937 1235 5015 βασιλεύοντος
1257 4939 1331 5013 μετὰ
1352 4938 1451 5013 Βῆλον
1461 4933 1535 4996 Ἀσ-
