3917 6467
428 1087 492 1160 196
799 1086 1152 1155 ANNOTATIONES

427 1259 534 1324 sonius
551 1259 672 1323 Vindio.
684 1258 788 1344 Ipnoi.
804 1267 887 1344 part.
903 1257 929 1323 1.
945 1279 1015 1344 cap.
1027 1258 1068 1322 ri.
1080 1281 1111 1343 p.
1124 1257 1176 1321 88.
1188 1279 1209 1322 a
1223 1277 1259 1320 se
1271 1255 1343 1340 ipso
1360 1252 1516 1318 dindina

428 1360 670 1446 Hieronymum.
716 1358 781 1424 Sed
795 1382 917 1425 mecum
931 1367 1006 1446 post
1019 1360 1083 1424 vidi
1098 1359 1159 1423 hac
1173 1359 1213 1423 de
1226 1379 1263 1422 re
1277 1356 1517 1422 consentientem

427 1463 466 1528 ol.
480 1462 618 1527 Keilium
633 1462 666 1527 iu
678 1462 777 1527 Notis
790 1464 833 1527 ad
847 1484 1001 1548 nuperam
1015 1462 1091 1527 edit.
1106 1460 1302 1525 Fabricim
1312 1457 1459 1524 Bm.
1472 1459 1518 1523 Gr.

426 1565 489 1629 vol.
512 1564 564 1629 vii.
588 1588 619 1650 p.
639 1567 708 1628 161.
734 1565 787 1650 qui
818 1565 874 1640 ait,
895 1565 1005 1629 multis
1029 1565 1130 1628 visum
1161 1563 1270 1640 luisse,
1295 1562 1519 1646 Hieronymum

427 1667 588 1751 Anonymi
608 1689 688 1751 opus
708 1674 820 1731 contra
837 1667 1054 1731 Montanistas
1069 1666 1239 1751 Apollonio
1258 1663 1518 1741 occubuissem

427 1768 598 1832 admodum
613 1767 716 1832 fallaci
731 1768 907 1853 suspicione
921 1767 1071 1832 inductis.
1115 1767 1240 1830 Revera
1253 1773 1365 1831 autem
1380 1764 1519 1830 Rhodani

427 1870 611 1936 attribuisse
631 1870 862 1954 Hieronymum
882 1871 965 1934 idem
986 1892 1065 1955 opus
1085 1877 1197 1934 contra
1211 1868 1437 1934 Montanistas
1456 1889 1519 1933 οω-

427 1979 504 2049 stat,
537 1978 574 2035 ut
604 1972 726 2036 monuit
755 1994 852 2057 supra
879 1972 1046 2036 Fabricius
1074 1973 1116 2036 ad
1146 1971 1336 2057 Hieronymi
1359 1971 1451 2035 Viros
1473 1969 1519 2035 Ia

426 2073 459 2136 in
479 2072 629 2148 diodone,
645 2074 730 2157 quod
746 2072 960 2159 Hieronymus
979 2075 1028 2138 ait
1051 2074 1138 2139 illum
1152 2074 1314 2139 Miltiadis
1336 2073 1520 2149 meminisse,

426 2176 460 2238 in
479 2197 563 2260 epm
582 2197 634 2239 ιιιο
654 2175 734 2260 qaod
752 2175 896 2239 adrerum
910 2178 1104 2253 Mantuam,
1120 2176 1276 2252 Priscam,
1298 2174 1520 2240 Macimilioe·

427 2300 482 2363 que
504 2278 678 2363 composuit,
696 2278 756 2342 hac
783 2278 943 2342 mentione
965 2277 999 2340 iu
1022 2277 1072 2340 his
1093 2277 1296 2363 Fragmeutis
1321 2277 1364 2342 ab
1387 2276 1521 2342 Eusebio

427 2379 561 2443 servatis
590 2387 802 2464 comparente.
855 2380 909 2443 Ad
934 2381 1002 2443 haec
1026 2400 1110 2443 nunc
1135 2379 1211 2443 mihi
1237 2387 1440 2464 compertum
1467 2386 1521 2454 est,

428 2479 583 2544 Vallarsio
604 2481 792 2565 Hieronymi
815 2479 929 2545 editori
948 2481 1118 2565 probatam
1141 2502 1209 2544 esse
1228 2479 1372 2544 auctoris
1390 2479 1443 2544 sui
1456 2500 1519 2543 sea·

426 2581 580 2657 tentiam;
611 2581 702 2646 facile
724 2583 808 2646 enim
836 2581 1067 2667 Hieronymum
1095 2604 1188 2666 posse
1216 2582 1274 2658 ait,
1296 2603 1338 2645 ex
1367 2581 1441 2646 aliis
1461 2602 1521 2644 mo

426 2683 596 2760 numentis,
623 2683 671 2747 vel
695 2705 733 2747 ex
758 2683 827 2768 ipso
850 2683 1014 2747 erodonis
1037 2684 1130 2760 libro,
1150 2693 1323 2760 auctorem,
1345 2705 1443 2768 quem
1463 2683 1521 2747 Eu-

426 2784 532 2848 sebius
554 2785 731 2860 nesciverit,
756 2786 911 2849 didicisse.
962 2786 1093 2850 Interea
1118 2785 1306 2850 Gallandius
1330 2793 1471 2862 secutus,
1489 2790 1522 2848 ut

426 2886 482 2962 ait,
498 2886 670 2963 valesium,
681 2886 926 2961 Tillemontium‚
938 2889 1255 2972 Longuerucumque,
1265 2887 1334 2952 haee
1348 2887 1524 2973 fragments

426 2994 578 3071 tanquam
595 2988 621 3051 si
638 2988 749 3050 Aetoii
770 2986 890 3051 Urbani
903 2987 1023 3052 luerint
1037 2989 1069 3051 iu
1089 2997 1176 3052 tomo
1195 2988 1237 3052 iii.
1253 3009 1319 3052 suae
1334 2986 1524 3052 Billietlm

426 3090 557 3154 Palmam
571 3110 720 3153 unacum
735 3088 857 3152 Valerii
879 3089 964 3153 notis
984 3090 1093 3154 edidit.
1138 3089 1202 3153 Sed
1226 3089 1411 3153 haedere
1435 3088 1524 3175 paulo

425 3191 509 3257 iufra
534 3213 606 3276 pag.
626 3208 698 3273 207.
754 3190 902 3255 Ceterum
928 3191 1135 3276 scriptoribus
1160 3191 1214 3276 qui
1237 3190 1424 3276 Apollinari
1450 3211 1525 3275 opus

426 3293 511 3356 istud
535 3292 764 3368 attribuerunt,
787 3293 995 3377 adponendus
1018 3301 1079 3368 est,
1098 3301 1136 3357 ut
1159 3300 1247 3378 puto,
1274 3294 1402 3357 Auctor
1417 3291 1525 3356 libelli

426 3394 572 3477 Synodici
591 3417 612 3457 a
633 3395 760 3457 Joanne
776 3394 886 3479 Pappo
907 3395 1043 3479 primum
1064 3393 1152 3467 editi,
1169 3395 1254 3478 quod
1277 3416 1375 3478 supra
1398 3395 1524 3479 quidem

425 3496 466 3558 ad
498 3495 529 3558 S.
556 3496 795 3572 Auentiniensi,
820 3518 851 3580 p.
877 3513 947 3579 173,
972 3494 1046 3558 Vol.
1075 3497 1104 3558 I.
1132 3495 1266 3560 ostendi.
1323 3494 1428 3560 Immo
1459 3497 1525 3561 sce-

426 3597 550 3681 phanus
561 3597 709 3660 Balurius
722 3597 769 3675 (in
780 3598 860 3660 Neo.
875 3596 991 3660 Uellecl.
1004 3597 1221 3680 Caecilioram)
1231 3606 1344 3662 contra
1354 3599 1523 3670 Valesium,

426 3707 463 3763 ut
488 3706 596 3762 mouet
622 3698 808 3762 Gallandius
830 3698 862 3761 in
886 3698 1065 3783 Prolegom.
1087 3699 1166 3761 tomi
1189 3697 1215 3761 l.
1232 3697 1430 3764 Bibliotheca
1450 3702 1522 3764 PP.

425 3823 456 3886 p.
473 3800 555 3863 cxxi.
571 3821 629 3884 pro
646 3797 823 3883 Apollinari
838 3799 871 3861 iu
886 3799 945 3862 hac
960 3822 1057 3862 eausa
1072 3801 1245 3864 contendit.

470 3904 508 3966 P.
530 3904 599 3986 183.
615 3903 635 3964 l.
658 3923 703 3964 ιο.
718 3903 864 3981 'Accipies
881 3901 1056 3985 Μάρκελλε]
1076 3903 1194 3982 Αὐίρκιε
1213 3924 1253 3965 ex
1268 3902 1371 3987 Regio
1390 3904 1461 3967 cod.
1476 3905 1524 3967 ed.

426 4005 536 4088 Steph.
596 4003 726 4067 Rectius
756 4003 788 4065 in
820 4002 927 4065 codice
961 4004 1047 4066 Maz.
1080 4004 1169 4066 Med.
1200 4013 1233 4068 et
1264 4004 1346 4068 Fuk.
1377 4005 1524 4070 scribitur

424 4103 580 4185 Ἀουίρκιε.
626 4105 722 4189 Apud
744 4104 957 4187 Nicephorum
978 4104 1010 4166 in
1030 4105 1084 4168 lib.
1103 4105 1143 4168 iv.
1161 4105 1277 4189 legitur
1290 4105 1442 4188 Ἀβέρκιε.
1489 4107 1523 4170 ln

428 4207 618 4292 Menolugiis
643 4208 830 4270 Graecorum
851 4207 893 4269 ad
915 4207 999 4271 diem
1025 4225 1076 4269 22.
1092 4207 1240 4271 Octobris
1266 4209 1386 4272 mentio
1410 4209 1450 4273 lit
1475 4215 1523 4274 τοῦ

426 4311 512 4389 ἁγίου
528 4309 576 4371 καὶ
591 4309 794 4373 ἶσαποστόλου
807 4306 966 4386 Ἀβερκίου
987 4311 1149 4372 ἐπισκόπου
1162 4307 1367 4388 Ἱεραπόλεως.
1384 4316 1437 4373 τοῦ
1458 4316 1523 4376 θαυ-

425 4416 602 4490 ματουργοΰ.
648 4409 748 4492 Cujus
763 4409 861 4472 vitam
878 4411 991 4472 Graece
1012 4410 1112 4473 edidit
1128 4411 1165 4472 P.
1183 4409 1364 4474 Halloixius
1384 4413 1417 4475 in
1438 4422 1522 4477 tomo

426 4510 458 4575 ii.
474 4512 514 4574 de
537 4511 711 4575 illustribus
731 4510 893 4573 orientalis
912 4509 1052 4574 ecclesiae
1072 4511 1286 4595 scriptoribus.
1332 4513 1395 4577 Est
1416 4525 1521 4579 autem

425 4610 459 4673 id
484 4633 598 4674 nomen
625 4610 787 4684 Latinum,
815 4620 852 4674 ut
877 4612 998 4695 opinor,
1023 4611 1140 4695 quippe
1165 4634 1235 4676 oum
1262 4613 1382 4678 nullam
1407 4615 1522 4679 habeat

426 4714 537 4776 Graece
560 4712 689 4796 originis
713 4719 831 4775 notam.
856 4714 1015 4775 Vanrsrus.
1060 4713 1219 4778 Editioais
1241 4716 1341 4800 sapt.
1356 4716 1520 4781 lectionem

427 4813 458 4875 in
482 4814 566 4876 codd.
582 4815 675 4899 lleyio
695 4821 729 4877 et
749 4814 856 4876 Paria
877 4834 902 4876 1.
919 4821 1092 4891 extantem,
1108 4816 1267 4880 revocavit
1287 4816 1461 4894 Strothius,
1481 4818 1521 4882 al·

427 4926 531 4979 lerum
546 4922 654 4978 tamen
670 4915 897 4999 praestantibus
911 4915 1000 4979 libris
1014 4916 1170 5001 plerisque
1184 4918 1264 4981 aliis.

472 5016 726 5095 Ibid.l.11.riyv
752 5023 810 5080 τῶν
835 5020 908 5081 κατὰ
930 5019 1099 5096 Μιλτιάδην
1120 5021 1295 5101 λεγομένων
1318 5023 1448 5107 αἵρεσιν]
1469 5021 1519 5085 Νἰ·

427 5119 581 5202 oapborus
604 5119 695 5185 addit
718 5122 788 5184 ἴσον
812 5118 835 5182 δ’
852 5122 948 5184 εἰπεῖν
972 5121 1143 5197 Μοντανὸν,
1165 5122 1250 5205 quod
1276 5123 1394 5187 Scholii
1417 5147 1439 5188 a
1459 5125 1519 5187 vioe
