3917 6467
504 1100 703 1166 AUCTOR
725 1099 974 1165 ADVERSUS
999 1101 1372 1166 CATAPHRYGAS.
1441 1103 1505 1167 185

713 1354 828 1418 Itidem
841 1375 877 1418 σω
891 1352 965 1418 libri
972 1354 1075 1439 primi
1088 1354 1189 1418 initia.

454 1478 505 1568 ‘H
525 1490 644 1568 τοίνυν
665 1490 836 1572 ἔνστασις
853 1491 970 1569 αὐτῶν
988 1489 1081 1590 καὶῆ
1098 1488 1314 1596 πρόσφατος
1329 1498 1392 1568 τοῦ
1406 1492 1498 1570 ἀπο·
1512 1514 1551 1573 ΙΙ.

400 1622 609 1728 σχίσματος
625 1625 761 1727 αἵρεσις
779 1621 870 1727 πρὸς
886 1621 951 1722 τῆν
968 1624 1174 1723 ἐκκλησίαν,
1192 1622 1258 1723 τῆν
1281 1625 1397 1703 αἰτίαν
1415 1624 1502 1729 ἔσχε

397 1755 577 1856 τοιωίτην·
598 1756 701 1857 κώμη
715 1790 768 1842 τις
785 1754 874 1836 εἶναι
886 1756 1028 1859 λέγεται
1041 1759 1079 1835 ἐν
1092 1761 1136 1861 τῆ
1150 1754 1242 1835 κατά
1255 1754 1321 1856 τῆν
1338 1758 1501 1859 Φρυγίαν

367 1890 541 1996 5Μυσίιρ,
561 1891 762 1991 καλουμένη
786 1893 973 1995 Ἀρδαθαῦ
998 1892 1167 1989 τοῦνομα·
1198 1889 1283 1969 ἔνθα
1302 1895 1397 1995 φασὶ
1422 1892 1502 1971 τινά

397 2031 472 2105 τῶν
482 2027 692 2124 νεοπίστιον,
703 2024 863 2130 πρώτως,
876 2025 1070 2105 Μοντανὸν
1080 2027 1246 2124 τοῦνομα,
1256 2025 1347 2105 κατά
1359 2027 1500 2129 Γράτον

396 2160 528 2245 Ἀσίας
546 2160 760 2259 ἀνθύπατον,
774 2163 812 2240 ἐν
830 2161 998 2266 ἐπιθυμίᾳ
1015 2163 1138 2265 ψυχῆς
1156 2160 1297 2268 ἀμέτριρ
1312 2167 1500 2264 φιλοπρω-

395 2296 491 2380 τείας
509 2292 617 2375 δόντα
634 2294 793 2399 πάροδον
811 2301 859 2378 εἷς
877 2294 1002 2375 ἑαυτὸν
1020 2301 1071 2401 τῆ
1089 2295 1324 2403 ἀντικειμένῳ,
1337 2330 1496 2395 πνευμα-

396 2432 644 2535 τοφορηθῆναί
663 2463 702 2510 τε
726 2435 784 2510 καὶ
808 2432 992 2535 αἰφνιδίως
1010 2434 1048 2510 ἒν
1066 2437 1202 2535 κατοχῇ
1225 2433 1293 2510 τινὶ
1321 2433 1379 2510 καὶ
1398 2466 1495 2534 παρ·

349 2563 567 2645 Ιοεκστάσει
585 2562 775 2666 γενόμενον
794 2567 995 2672 ε’νθουσιῆν·
1021 2565 1208 2672 ἀρξασθαί
1226 2600 1265 2645 τε
1289 2573 1417 2645 λαλεῖν
1440 2569 1499 2646 καὶ

577 2707 594 2724 Α
722 2697 734 2727 λ
780 2699 792 2724 λ
892 2699 903 2727 ἱ
1010 2698 1021 2721 Ι
1188 2706 1200 2730 x
1295 2700 1306 2728 ἱ
1461 2699 1472 2727 ἱ

396 2699 621 2807 ξενοφονειν,
639 2733 738 2802 παρα
755 2733 798 2778 το
817 2732 908 2778 κατα
920 2704 1124 2801 παραδοσιν
1143 2735 1201 2780 και
1219 2734 1310 2780 κατα
1329 2703 1498 2805 διαδοχην

395 2832 532 2913 ἀνωθεν
549 2837 614 2932 τῆς
632 2834 824 2933 ἐκκλησίας
843 2832 923 2916 ἔθος
940 2837 1047 2933 δῆθεν
1059 2834 1344 2939 προφητείοντα·
1368 2841 1441 2914 τῶν
1460 2833 1497 2914 δὲ

394 2968 470 3046 κατ’
489 2970 599 3047 ἐκεῖνο
617 2973 740 3069 καιροῦ
757 2968 795 3045 ἐν
813 2972 857 3071 τῆ
875 2972 948 3045 τῶν
967 2964 1082 3046 νόθων
1099 2966 1366 3073 ἐκφονημάτων
1383 2970 1492 3071 ἀκρο-

393 3100 476 3182 ἀσει
499 3102 761 3204 γενομένων,οί
783 3102 849 3201 μὲν
872 3105 920 3187 ὡς
944 3106 1003 3183 ἐπὶ
1025 3104 1264 3210 ἐνεργουμένη)
1283 3107 1341 3183 καὶ
1366 3107 1491 3203 δαιμο-

346 3263 383 3327 15
393 3241 499 3316 νῶντι
510 3238 571 3315 καὶ
588 3238 627 3315 ἐν
636 3234 778 3335 πλάνης
790 3237 962 3336 πνεύματι
974 3235 1179 3342 ὑπάρχοντι,
1193 3239 1250 3316 καὶ
1265 3235 1348 3320 τοὺς
1363 3236 1495 3342 ὄχλους

391 3369 604 3474 ταράττοντι
635 3370 825 3475 ἀχθόμενοι
855 3371 1038 3471 ἐπετίμων,
1074 3375 1133 3451 καὶ
1164 3379 1291 3451 λαλεῖν
1308 3374 1491 3457 Ιἐκώλυον·

389 3506 605 3606 μεμνημένοι
631 3508 695 3604 τῆς
719 3513 783 3586 τοῦ
810 3506 944 3608 Κυρίνα
966 3508 1162 3606 διαστολῆς
1186 3540 1226 3585 τε
1250 3511 1308 3586 καὶ
1333 3509 1492 3606 ἀπειλῆς,

432 3791 530 3869 Igitur
543 3792 688 3851 obstinata
698 3790 815 3849 illorum
826 3792 915 3852 coitio
964 3791 1036 3868 qui,·
1081 3791 1272 3849 hariolantem
1311 3810 1344 3849 aa
1386 3790 1490 3869 praedi·

390 3870 530 3930 adversus
572 3871 732 3937 eeclesiam,
768 3882 799 3930 et
840 3892 915 3930 nova
965 3881 1078 3929 nentem
1110 3871 1222 3936 futura,
1247 3879 1352 3949 prater
1380 3890 1489 3930 morem

341 3980 382 4019 20
465 3951 546 4009 ieioai
584 3952 747 4010 schismatis
788 3951 914 4021 herenis,
964 3961 1053 4027 atque
1096 3950 1263 4009 institutum
1304 3950 1432 4008 eeclesia
1473 3972 1490 4009 a

390 3971 466 4089 m
495 4030 597 4089 habuit
627 4032 779 4108 originem.
822 4030 915 4089 Vicua
965 4030 1122 4107 majoribus
1140 4029 1281 4088 traditum
1300 4040 1330 4087 et
1351 4030 1490 4088 continua

389 4110 509 4189 quidam
537 4130 599 4170 ease
626 4111 734 4173 dicitur
761 4112 792 4168 in
817 4112 916 4189 Myaia
966 4108 1102 4190 deinceps
1133 4109 1313 4169 successione
1347 4130 1488 4188 propaga.

389 4190 571 4249 contermina
615 4191 750 4269 Phrygia
798 4190 915 4249 nomine
964 4199 1039 4249 tum.
1083 4190 1175 4247 Porro
1202 4209 1238 4248 ex
1266 4188 1312 4245 hia
1339 4189 1389 4265 qui
1417 4199 1488 4248 tunc

389 4269 519 4329 Ardaba.
560 4271 597 4329 In
625 4290 684 4348 quo
713 4272 796 4330 aiunt
824 4269 913 4328 Mon·
965 4270 1104 4348 temporie
1143 4269 1322 4328 adulterinos
1362 4268 1488 4327 hominia

342 4379 378 4439 ²⁵
389 4359 492 4408 nuum
503 4351 656 4429 quemdam
672 4370 709 4409 ex
725 4350 761 4410 iia
776 4351 827 4429 qui
842 4348 913 4408 fide.
964 4368 1111 4408 sermones
1129 4349 1290 4416 audierant,
1306 4348 1355 4406 alii
1369 4346 1487 4424 quidem

389 4428 464 4487 lium
495 4450 618 4489 numero
645 4449 745 4492 recena
776 4430 913 4508 adscripti
963 4439 997 4487 ut
1016 4429 1207 4508 abrepticium
1227 4439 1258 4487 et
1281 4427 1486 4486 daemoniacum

389 4508 518 4579 fuerant,
550 4509 704 4569 immodica
736 4511 821 4588 primi
856 4508 912 4568 loci
962 4529 996 4566 aa
1023 4508 1128 4587 spiritu
1156 4508 1260 4567 erroris
1288 4518 1395 4574 aetum,
1424 4517 1486 4564 tur·

388 4588 552 4669 cupiditate
570 4601 698 4669 eaptum.
713 4590 838 4669 primum
858 4589 913 4647 aub
962 4588 1071 4666 basque
1084 4589 1114 4645 in
1130 4588 1239 4668 populo
1251 4588 1426 4646 excitantem
1441 4587 1485 4643 in·

389 4669 483 4727 Grato
506 4670 582 4728 Λεία
606 4665 778 4749 prououauie
799 4670 911 4729 aditum
962 4667 1142 4745 dignabundi
1153 4668 1353 4746 objurgabant.
1366 4678 1396 4724 et
1406 4666 1486 4743 loqui

337 4783 379 4839 30
388 4748 420 4807 in
447 4769 478 4808 ae
505 4749 668 4809 edversario
696 4749 811 4829 spiritui
839 4770 911 4829 proe-
962 4748 1087 4807 ulterius
1115 4748 1315 4828 prohibebant.
1367 4746 1487 4824 Quippe

388 4829 504 4889 buime:
543 4840 575 4889 et
598 4830 729 4888 daemone
755 4830 910 4908 repletum,
962 4828 1057 4904 quiin
1072 4838 1171 4887 mente
1180 4828 1320 4886 haberent
1331 4826 1485 4884 discrimen

386 4909 486 4968 subito
499 4909 625 4987 quodam
639 4909 739 4968 furore
754 4929 788 4969 ac
805 4910 912 4967 mentia
961 4907 1327 4987 aDominoproenotatum
1337 4906 1487 4980 minasque

387 5007 509 5048 exaeaau
523 4989 641 5049 concuti
651 4990 781 5068 caepisse,
793 5001 823 5048 et
837 5008 912 5046 nova
961 4988 1067 5064 quibua
1087 4988 1225 5064 jubemur
1249 4987 1405 5046 adveutum
1430 4982 1486 5041 fal·

386 5069 519 5146 quaedam
546 5082 635 5147 atque
662 5069 793 5129 inaudita
815 5068 911 5148 prolo·
962 5087 1060 5125 sorum
1091 5067 1299 5147 prophetarum
1332 5063 1486 5141 vigilanter

430 5189 497 5232 vot.
514 5189 549 5230 u.
989 5163 1043 5226 ab
