3917 6467
515 1070 558 1132 34
879 1072 1259 1136 'ANNOTATIONES

514 1239 603 1320 ἦρνυε
624 1240 677 1318 τὴν
694 1242 809 1323 ζύμην.)
827 1242 959 1307 Srncrn.
1006 1242 1169 1307 Veriorem
1189 1243 1357 1316 lectionem
1376 1244 1466 1324 ἧρνυε
1484 1251 1614 1330 pruno

514 1341 590 1404 MS.
621 1341 713 1405 Bodl.
742 1365 797 1406 sen
827 1344 925 1409 Socii.
955 1345 1130 1430 eodemque
1165 1367 1259 1409 sensu
1287 1343 1340 1427 ἦρε
1368 1346 1446 1410 MS.
1475 1346 1614 1429 Norsolc.

515 1441 695 1528 Hesychius
708 1443 852 1526 Ἠρνυεν,
873 1448 1022 1527 ἠκυβύστα
1044 1450 1275 1532 interpretatus
1298 1454 1358 1512 est.
1415 1449 1489 1513 Vct.
1512 1448 1613 1513 Gloss.

515 1550 674 1629 Κυβιατιᾷ,
702 1548 844 1612 mnam
896 1549 1033 1634 Anglice
1058 1559 1145 1613 turris
1169 1558 1363 1634 tom-tarny.
1408 1549 1503 1616 Nunc
1527 1552 1616 1616 addit

516 1648 647 1713 MSStis
667 1649 756 1731 ἥρνυε
775 1650 1004 1735 preestantibus
1025 1653 1152 1716 codicem
1166 1652 1366 1716 Drasdonscm
1387 1651 1613 1730 Heiniohenus,

515 1757 549 1814 et
563 1751 736 1829 Parminm,
761 1754 915 1830 Vemtam,
932 1761 965 1818 et
979 1753 1191 1818 Florentinum
1201 1755 1338 1838 priorem
1356 1777 1377 1818 a
1395 1755 1500 1840 prima
1519 1777 1613 1820 manu

514 1850 695 1928 Burtonus;
728 1854 784 1917 sed
808 1855 895 1936 ἤρτυε
915 1855 1033 1920 habere
1052 1878 1073 1920 a
1096 1878 1191 1920 mann
1215 1856 1319 1941 prima
1335 1856 1534 1940 posteriorem
1556 1857 1610 1921 ait

492 2024 498 2037 ‚
515 1954 663 2018 (lotorum
683 1977 775 2019 voces
796 1963 855 2020 τῶν
868 1956 1021 2021 Ἰουδαίων
1042 1966 1119 2023 ante
1140 1958 1210 2022 illas
1231 1963 1248 2022 ὁ
1270 1959 1345 2025 λαὸς
1366 1980 1405 2022 ex
1432 1959 1612 2044 nicophoro,

515 2057 636 2144 Ilajino,
662 2056 931 2143 Clrismplroreom,
952 2061 1072 2145 recepit
1095 2060 1270 2136 Strothius‚
1290 2083 1362 2145 quae
1383 2068 1491 2125 tamen
1513 2061 1613 2147 magis

514 2181 553 2222 ex
576 2160 860 2245 interprctamento
882 2170 954 2226 orta
975 2171 1060 2227 sunt.
1108 2163 1189 2227 Mox
1213 2165 1272 2246 ἐγὼ
1295 2170 1369 2246 γοῦν
1393 2185 1450 2249 pro
1473 2166 1534 2245 ipio
1561 2166 1612 2228 oin

515 2262 642 2348 Nicrplr.

558 2367 595 2428 P.
618 2366 929 2451 ι5.1.υ2.έξήκοντα
954 2367 1044 2432 πέντε
1070 2370 1120 2448 ἔτη
1141 2370 1220 2452 ἔχων
1243 2372 1277 2433 έν
1300 2367 1409 2452 Κυρίῳ]
1433 2367 1503 2432 Nisi
1527 2367 1612 2432 aliud

514 2468 671 2532 suaserint
688 2491 727 2532 ca
746 2491 816 2552 quae
837 2470 876 2531 de
898 2470 1076 2555 Polycratis
1097 2472 1240 2556 cognatis
1264 2492 1360 2556 supra
1382 2478 1609 2544 memorantur,

513 2590 614 2634 annos
635 2592 801 2656 numerare
823 2570 874 2635 hic
896 2571 1082 2656 Polycrates
1104 2572 1265 2636 videretur
1286 2595 1307 2637 a
1328 2572 1531 2636 conversione
1554 2593 1611 2637 sua

513 2669 555 2732 ad
572 2670 745 2749 Christum,
758 2693 828 2734 cum
844 2679 934 2736 ortus
949 2681 1032 2736 esset
1047 2673 1088 2737 ab
1103 2672 1237 2737 ethnicis
1252 2672 1447 2758 parentibus.
1493 2673 1612 2737 Omnes

513 2795 587 2836 vero
596 2773 669 2838 vitae
681 2796 746 2838 suae
758 2796 858 2838 annos
873 2775 1086 2838 venerandum
1098 2796 1204 2838 senem
1213 2796 1375 2838 recensere
1385 2774 1610 2840 'Pillemontius

512 2882 607 2959 putat
630 2875 664 2939 in
686 2877 778 2940 Mam.
798 2876 880 2940 Eccl.
902 2879 934 2940 S.
959 2877 1069 2940 Victor.
1095 2879 1170 2941 Art.
1194 2899 1225 2940 v.
1271 2876 1316 2940 Et
1340 2876 1474 2941 forsitan
1499 2879 1611 2942 eodem

512 3002 606 3044 sensu
622 2981 817 3066 Polycarpns
833 2981 1012 3067 proconsuli
1027 2981 1069 3044 nd
1086 2980 1336 3044 maledicendum
1356 2979 1485 3044 Christo
1506 3001 1541 3043 se
1562 3001 1612 3043 oo·

511 3082 655 3147 hortanti
681 3083 889 3168 pulcherrime
914 3083 1097 3168 respondet,
1119 3081 1325 3164 Ὀγδοήκοντα
1350 3084 1398 3146 καὶ
1424 3081 1455 3160 ἓξ
1479 3083 1530 3162 ἔτη
1553 3082 1612 3165 ἔχω

512 3188 661 3250 δουλεύων
676 3187 753 3271 αὐτῷ
770 3188 817 3250 καὶ
837 3188 923 3251 οὐδέν
942 3212 980 3265 με
999 3187 1148 3264 ἠδίκησεν·
1173 3186 1221 3248 καὶ
1240 3191 1301 3251 πῶς
1320 3186 1444 3264 δύναμαι
1466 3191 1611 3266 βλασφη-

510 3293 603 3369 μῆσαι
625 3289 678 3353 τὸν
700 3287 834 3369 βασιλέα
859 3315 926 3367 μου,
949 3286 1003 3350 τὸν
1029 3285 1170 3350 conarri
1194 3310 1250 3366 μες
1286 3287 1314 3368 ἑ.
1339 3306 1369 3369 9.
1425 3286 1521 3351 Certe
1548 3287 1611 3350 duo

511 3399 633 3455 veteres
648 3391 827 3475 scriptores,
840 3390 893 3473 qui
908 3396 983 3452 sunt
1000 3387 1144 3451 Clrmioi
1153 3387 1363 3451 Alexandrini
1376 3395 1489 3452 auctor
1502 3412 1533 3473 p.
1548 3389 1610 3474 258

510 3500 544 3557 et
567 3493 739 3578 Gregorius
763 3491 954 3556 Turonensis
975 3492 1060 3554 Hm.
1077 3492 1268 3554 Francorum
1288 3490 1307 3552 i.
1330 3490 1380 3554 28.
1400 3490 1497 3554 verba
1516 3490 1610 3576 Poly·

510 3596 597 3680 carpi
619 3595 667 3660 ita
685 3594 885 3679 interpretati
909 3602 994 3657 sunt.
1040 3593 1104 3657 Sed
1130 3601 1238 3657 tamen
1260 3593 1351 3656 multi
1375 3592 1434 3656 viri
1455 3593 1543 3656 docti
1569 3593 1609 3656 de

509 3698 601 3762 annis
624 3697 707 3775 fidei,
731 3719 795 3760 non
815 3696 898 3773 vitae,
918 3696 987 3760 haec
1009 3696 1175 3781 Polycarpi
1200 3695 1374 3781 intelligere
1397 3695 1522 3759 malunt
1529 3719 1539 3770 ;
1570 3695 1610 3758 de

510 3799 624 3886 quibus
633 3821 715 3863 nuno
723 3799 797 3863 licet
806 3799 967 3862 consulere
979 3798 1243 3862 cl.Jacobs0num
1252 3798 1294 3861 ad
1305 3796 1510 3881 &Polycarpi
1519 3798 1611 3860 Mor·

509 3903 633 3986 tyriam.
679 3901 827 3966 Ceterum
843 3903 891 3965 καὶ
908 3900 1099 3972 anteriore,
1117 3900 1201 3983 quod
1222 3908 1379 3985 praestant
1394 3900 1440 3963 cd.
1457 3899 1561 3985 Sept.
1577 3907 1611 3963 ct

508 4006 647 4088 Rufinus,
663 4003 767 4068 textui
782 4002 924 4067 restituit
940 4002 1115 4076 Strothius,
1130 4002 1206 4065 dnm
1226 4009 1320 4066 notat
1339 4002 1493 4086 scriptum
1513 4002 1610 4065 fuisso

509 4106 594 4171 istud
616 4105 755 4169 numeris
780 4104 823 4183 ξέ,
847 4112 884 4168 ut
905 4104 990 4188 apud
1014 4103 1220 4189 Nicephorum
1242 4112 1343 4181 extat,
1364 4103 1499 4187 ideoque
1521 4126 1540 4166 a
1561 4103 1608 4167 di·

509 4218 607 4282 versis
626 4216 763 4282 librariis
782 4238 841 4300 pro
860 4214 994 4279 arbitrio
1009 4215 1057 4280 vel
1077 4238 1149 4280 cum
1169 4214 1281 4301 copula
1294 4214 1343 4278 vel
1364 4215 1431 4279 sine
1453 4237 1492 4279 ea
1514 4216 1608 4280 scribi

508 4318 658 4404 potuisse.
705 4318 757 4382 Ita
777 4317 921 4402 copulam
941 4319 1080 4382 habente
1101 4319 1177 4381 MS.
1199 4317 1336 4400 Norsom.
1362 4323 1395 4380 et
1419 4323 1610 4381 attestatur

509 4420 680 4499 Burtonus,
705 4421 790 4485 codd.
805 4422 899 4507 Rapio
914 4429 947 4485 et
962 4421 1131 4497 Parisiaie,
1149 4441 1211 4483 non
1234 4419 1333 4483 habet
1353 4419 1428 4482 MS.
1444 4419 1536 4483 Bodl.
1552 4440 1609 4482 nec

508 4523 644 4587 fortasse
659 4521 778 4586 invenit
794 4544 864 4586 eam
879 4523 1093 4605 Hieronymus.

554 4626 591 4687 P.
611 4627 659 4688 16.
674 4622 695 4686 l.
717 4640 747 4705 7.
767 4622 785 4702 ἢ
809 4626 999 4708 ἀνθρώποιο]
1029 4624 1109 4687 Post
1135 4623 1202 4687 haec
1224 4622 1271 4686 ait
1294 4621 1460 4695 Eusebius,
1484 4622 1611 4688 Τούτοις

509 4725 644 4808 ἐπιφέρει
658 4726 725 4806 περὶ
739 4724 859 4790 πάντων
874 4724 999 4806 γράφων
1012 4730 1070 4787 τῶν
1085 4727 1300 4805 συμπαρόντων
1315 4724 1403 4808 αὐτῷ,
1421 4723 1468 4785 καὶ
1483 4724 1609 4800 iacto}-

509 4833 621 4895 ούντων
636 4829 815 4900 ἐπισκόπων,
831 4830 923 4889 ταῦτα
937 4825 1047 4902 λέγων·
1068 4825 1320 4888 ἘΔΎΝΑΜΗΝ
1336 4827 1368 4889 δὲ
1380 4824 1437 4887 &a
1477 4823 1611 4887 Poetlroeo

508 4933 544 4996 dc
557 4931 706 5016 mnemia,
722 4929 775 5014 qai
788 4927 880 4992 simul
893 4927 1031 5000 odorant,
1047 4949 1115 4989 cam
1128 4925 1350 5003 transcriberet,
1370 4935 1397 4988 et
1419 4924 1523 4988 cadom
1543 4946 1610 4988 cam

507 5038 572 5120 ipso
592 5030 765 5105 sentiebant,
786 5030 830 5093 sio
850 5029 993 5114 loquitur.
1038 5028 1216 5092 POSSEM
1243 5028 1341 5092 etiam
1366 5027 1424 5090 irc.
1471 5026 1609 5110 Oonjun-

507 5138 612 5223 genda
625 5141 733 5199 autem
753 5139 856 5208 crant,
872 5142 907 5195 ut
927 5131 959 5194 in
980 5131 1101 5195 Grmois
1121 5129 1300 5194 iaciendum
1320 5127 1436 5196 curari.
1453 5128 1517 5191 duo
1538 5127 1607 5190 haec
