3917 6467
492 1086 558 1155 264
820 1094 1069 1172 RELIQUIAE
1091 1095 1269 1161 SACRAE.

492 1252 716 1353 Ἀσσυρίων.
744 1253 830 1356 ἔςχε
858 1252 898 1332 δὲ
927 1263 1078 1356 γυναῖκα
1103 1258 1317 1360 Σεμίραμμ,
1334 1256 1403 1357 τὴν
1418 1261 1482 1338 καὶ
1501 1260 1606 1339 Ῥείαν

493 1384 727 1484 καλουμεῦην,
747 1387 792 1493 ἐξ
807 1386 849 1487 ἧς
867 1387 977 1492 ἔσχεν
1001 1389 1077 1469 υἱὸν
1103 1388 1143 1474 ῦς
1166 1391 1342 1494 ἐπικλήθη
1368 1391 1517 1490 Ζεῦς,ὃ
1543 1399 1601 1474 καὶ

493 1522 616 1615 Ilisos,
634 1517 753 1618 γημας
770 1519 837 1621 τὴν
855 1524 947 1602 ἰδίαν
964 1524 1129 1630 ἀδελφὴν
1135 1523 1272 1629 Ἥραν.
1293 1526 1381 1632 ἔσχε
1399 1527 1439 1608 δὲ
1460 1527 1600 1632 Κρόνος

492 1655 552 1732 καὶ
583 1655 722 1756 ἑτέρους
754 1655 819 1735 δύο
852 1656 946 1742 υἱοὺς
957 1656 1116 1765 ’Appon
1144 1660 1189 1769 ἐξ
1214 1660 1258 1740 οῦ
1284 1663 1344 1740 καὶ
1361 1658 1518 1767 Ἀφροι,
1541 1666 1597 1743 καί

492 1793 617 1914 Νῖνον.
649 1786 834 1896 ὁἈφρος
858 1790 977 1893 γήμας
1007 1792 1074 1892 τὴν
1090 1792 1322 1894 Ἀοτυνόμην
1349 1797 1501 1896 ἐποίησε
1530 1803 1617 1883 θον-5

490 1923 626 2026 γατέρα
642 1923 709 2024 τὴν
725 1928 958 2031 Ἀφροδίτην.
989 1930 1010 2006 ὁ
1028 1927 1067 2008 δὲ
1085 1927 1225 2031 Κρόνος
1242 1929 1415 2037 ἐξωσθεὶς
1432 1935 1498 2031 τῆς
1519 1940 1590 2028 βα·

490 2060 632 2142 σιλείας
659 2057 729 2140 ὑπὸ
756 2068 819 2139 τοῦ
847 2063 936 2141 ἰδίου
963 2066 1041 2141 υἱοῦ
1067 2061 1167 2161 Διὸς,
1186 2065 1317 2144 κατίων
1344 2067 1383 2144 ἐν
1414 2070 1462 2169 τῇ
1495 2064 1591 2146 δύσει

491 2201 615 2296 κρατεῖ
628 2199 692 2293 τῆς
708 2196 877 2279 Ἰταλίας.
908 2193 984 2276 εἶτα
1003 2199 1023 2276 ὁ
1044 2194 1133 2281 Zeu
1152 2197 1393 2303 ὑποχωρήσας
1410 2202 1587 2280 τῶνἈσ·

490 2330 638 2433 συρίων,
671 2331 905 2432 παραγίνεται
935 2331 1028 2434 πρὸς
1059 2331 1124 2412 τὸν
1159 2334 1307 2437 πατέρα·
1347 2335 1368 2413 ὁ
1407 2332 1445 2413 δὲ
1478 2370 1592 2438 παρα-

490 2471 603 2570 χωρεῖ
616 2466 713 2571 αὐτῷ
729 2464 937 2561 βασιλεύειν
954 2470 1019 2565 τῆς
1037 2466 1204 2551 Ἰταλίας.
1238 2471 1296 2547 καὶ
1317 2476 1475 2552 πολλοῖς·
1499 2468 1591 2550 ἔτεσι
1601 2503 1631 2542 10

489 2599 728 2697 βασιλεύσας,
747 2597 823 2680 εἶτα
841 2598 1060 2700 τελευτήσας
1078 2602 1302 2682 κατατίθεται
1325 2605 1364 2683 ἐν
1387 2609 1434 2709 τῇ
1455 2605 1590 2711 Κρήτῃ.

493 2733 600 2813 Μέτα
628 2733 666 2814 δὲ
694 2740 806 2815 Νῖνον
831 2737 1050 2828 ἐβασίλευσε
1073 2742 1147 2814 τῶν
1163 2737 1374 2839 Ἀσσυρίων
1398 2742 1591 2842 θοῦρας,ῦ

490 2869 677 2972 καὶἈρης
709 2874 862 2971 κληθεὶς,
885 2874 932 2955 ὡς
958 2870 1259 2973 πολεμικώτατος.
1286 2880 1415 2952 τοῦτον
1440 2879 1477 2954 σί
1495 2876 1587 2955 Ἀσ-

489 3003 610 3109 οῦριοι
629 3004 787 3102 Βάαλον,
804 3003 828 3106 ἦ
848 3009 940 3105 Βῆλ,
957 3004 1267 3105 μετονομάσαιπες
1293 3009 1352 3086 καὶ
1369 3009 1590 3108 ἀναστηλώ-

489 3173 622 3224 σαντες
648 3141 831 3234 σέβονται.
892 3141 1000 3220 Μετὰ
1032 3141 1070 3221 δὲ
1101 3140 1167 3240 τὴν
1199 3149 1263 3221 τοῦ
1292 3139 1381 3226 Διὸς
1414 3141 1591 3242 τελευτὴν,
1603 3173 1631 3234 15

491 3280 634 3358 Φαῦνος
664 3276 685 3354 ὁ
722 3273 794 3358 υίὸς
830 3276 939 3354 αὐτοῦ
973 3275 1223 3371 ἐβασίλευσεν,
1257 3273 1297 3358 ὃς
1327 3275 1591 3377 μετωνομάσθη

489 3412 638 3513 Ἑρμῆς.
669 3408 714 3510 ἧν
731 3408 803 3512 γὰρ
825 3410 1044 3509 λογιώτατος
1068 3409 1164 3490 πάνυ
1190 3414 1249 3488 καὶ
1276 3410 1534 3510 μαθηματικὸς,
1553 3410 1590 3495 ῦς

490 3550 550 3626 καὶ
567 3546 633 3646 τὴν
651 3555 715 3627 τοῦ
733 3554 873 3649 χρυσοῦ
892 3547 1041 3645 ποίησιν
1065 3548 1212 3650 ἐφεῦρεν
1238 3549 1276 3624 ἐκ
1300 3545 1496 3640 μετάλλων
1524 3552 1587 3628 ἄν·

489 3683 657 3783 θρώποις.
686 3684 738 3760 Ἡ
761 3682 881 3778 μέντοι
898 3682 1097 3786 Ἀφροδίτη
1122 3679 1252 3780 λογικὴ
1275 3684 1333 3760 καὶ
1361 3683 1511 3784 ποικίλη
1533 3718 1590 3786 γ(-

489 3956 556 4014 que.
576 3937 665 3994 etiam
681 3936 764 3993 Rhea
783 3935 931 3993 nominata
948 3946 1013 4005 est;
1065 3945 1197 3993 mortuus
1211 3946 1264 4003 est,
1280 3946 1310 3994 et
1331 3935 1361 3992 in
1381 3935 1471 3994 Crete
1492 3936 1587 4015 sepul·
1599 3948 1631 3987 20

489 4036 525 4075 ex
553 4036 611 4094 qua
639 4016 801 4096 procreavit
833 4015 935 4080 filium,
963 4016 1015 4091 qui
1064 4026 1114 4072 tus
1137 4027 1192 4073 est.
1236 4015 1307 4073 Post
1334 4015 1449 4074 Ninum
1475 4017 1590 4074 'Phurus

488 4097 608 4174 Jupiter
631 4096 795 4174 appellatus
819 4107 873 4162 est,
898 4096 1015 4154 nomine
1064 4095 1192 4172 Assyriis
1215 4096 1357 4173 regnavit.
1377 4096 1429 4174 qui
1454 4107 1486 4154 et
1510 4097 1590 4154 Mars

489 4196 607 4254 quoque
623 4181 722 4245 Picus,
734 4178 784 4254 qui
799 4195 918 4234 uxorem
938 4175 1014 4233 dux·
1064 4174 1228 4252 appellatus
1255 4187 1309 4240 est.
1338 4186 1443 4254 utpote
1471 4175 1588 4234 bellico-

490 4257 516 4315 it
529 4277 656 4318 sororem
671 4277 751 4315 suum
766 4258 924 4315 Junonem.
949 4256 1013 4313 Hs·
1063 4255 1203 4313 sissimus.
1229 4255 1318 4313 Hunc
1329 4255 1444 4334 Assyrii
1456 4255 1588 4321 Buulum.

491 4336 556 4396 buit
581 4359 650 4399 vero
674 4338 820 4396 Saturnus
847 4335 920 4394 duos
943 4335 1015 4394 ulios
1064 4335 1126 4394 sive
1141 4334 1206 4401 Bel,
1221 4346 1335 4395 mutato
1352 4336 1471 4394 nomine
1490 4336 1627 4415 appel-25

491 4417 576 4481 filios.
591 4421 739 4483 Afrum.n
762 4438 821 4494 quo
835 4417 911 4481 Afri,
927 4427 1016 4494 atque
1065 4415 1137 4484 lant,
1168 4426 1321 4492 statusque
1350 4418 1379 4474 ei
1413 4417 1511 4495 posits
1542 4437 1589 4475 σο.

492 4497 616 4558 Ninum.
672 4500 703 4557 Is
725 4499 800 4555 Afer
824 4497 912 4555 ductu
928 4501 1014 4576 Asty·
1066 4495 1142 4554 lunt.
1184 4498 1212 4553 Α
1235 4506 1328 4554 morte
1355 4496 1441 4554 Jovis
1471 4497 1589 4554 Faunus

491 4597 578 4637 noma
609 4601 700 4638 uxore
728 4581 869 4638 Venerem
900 4578 1014 4656 genuit.
1066 4575 1143 4635 filius
1170 4577 1234 4653 ejus
1261 4596 1383 4652 reguum
1412 4577 1521 4644 tenuit,
1545 4577 1589 4634 hic

490 4660 637 4718 Saturnus
652 4681 743 4737 regno
761 4659 898 4735 expulsus
917 4681 934 4718 a
954 4658 1015 4715 fiiio
1066 4667 1179 4714 mutato
1206 4657 1322 4715 nomine
1347 4657 1517 4715 Mercurius
1539 4677 1588 4735 sp·

490 4759 545 4797 suo
554 4741 632 4800 Jove
646 4742 676 4798 in
691 4740 869 4798 occidentem
887 4740 1014 4804 devenit,
1066 4735 1192 4814 peilatus
1206 4749 1260 4803 est,
1275 4756 1367 4813 quum
1381 4735 1528 4794 facundus
1541 4736 1588 4795 ad.
1595 4752 1627 4808 30

489 4830 578 4896 atque
593 4821 707 4878 Italiam
723 4820 861 4878 obtinuit.
898 4819 1015 4878 Deinde
1066 4816 1183 4874 modum
1213 4827 1288 4875 esset
1318 4836 1351 4874 ac
1379 4817 1587 4874 mathematicae

488 4900 610 4978 Jupiter
624 4901 660 4958 ab
673 4901 799 4978 Assyriis
817 4899 957 4968 discessit,
969 4911 1014 4957 at·
1065 4898 1186 4975 peritus.
1230 4895 1312 4955 Idem
1337 4896 1507 4955 hominibus
1529 4896 1587 4955 auri

489 4998 548 5057 que
570 4981 606 5038 ad
628 4993 738 5059 putrem
759 5000 791 5038 se
813 4980 947 5046 contulit,
964 4981 1015 5056 qui
1065 4997 1101 5035 ex
1126 4976 1250 5034 metallis
1278 4976 1404 5035 faciendi
1432 4988 1526 5035 artem
1546 4976 1586 5033 iu·

489 5060 518 5118 ei
532 5081 653 5138 regnum
670 5061 762 5119 ltnliae
776 5060 895 5117 dimisit.
939 5061 1014 5117 Cum
1065 5058 1155 5115 venit.
1190 5058 1289 5115 Venus
1303 5067 1403 5114 nutem
1417 5056 1533 5116 eruditu
1546 5066 1586 5114 st·

491 5159 561 5198 vero
574 5161 626 5219 per
635 5142 744 5200 multos
753 5160 845 5199 annos
858 5151 1014 5218 regnasset.
1065 5158 1123 5217 que
1137 5139 1249 5197 artibus
1263 5137 1382 5197 exculta
1396 5139 1499 5218 nupsit
1512 5136 1623 5206 Ado-35
