<?xml version="1.0" encoding="UTF-8"?>
<!DOCTYPE html PUBLIC "-//W3C//DTD XHTML 1.0 Transitional//EN"
    "http://www.w3.org/TR/xhtml1/DTD/xhtml1-transitional.dtd">
<html xmlns="http://www.w3.org/1999/xhtml" xml:lang="en" lang="en">
 <head>
  <title>
</title>
<meta http-equiv="Content-Type" content="text/html;charset=utf-8" />
  <meta name='ocr-system' content='tesseract 3.04.00' />
  <meta name='ocr-capabilities' content='ocr_page ocr_carea ocr_par ocr_line ocrx_word'/>
</head>
<body>
  <div class='ocr_page' id='page_1' title='image "./reliquiaesacrae06routgoog_0314.png"; bbox 0 0 3917 6467; ppageno 0'>
   <div class='ocr_carea' id='block_1_1' title="bbox 428 1105 1204 1186">
    <p class='ocr_par' dir='ltr' id='par_1_1' title="bbox 428 1105 1204 1186">
     <span class='ocr_line' id='line_1_1' title="bbox 428 1105 1204 1186; baseline -0.006 -14"><span class='ocrx_word' id='word_1_1' title='bbox 428 1108 494 1172; x_wconf 75' lang='lat' dir='ltr'>eoa</span> <span class='ocrx_word' id='word_1_2' title='bbox 754 1108 999 1186; x_wconf 73' lang='lat' dir='ltr'>munorum</span> <span class='ocrx_word' id='word_1_3' title='bbox 1026 1105 1204 1170; x_wconf 78' lang='lat' dir='ltr'>sncnn.</span> 
     </span>
    </p>
   </div>
   <div class='ocr_carea' id='block_1_2' title="bbox 423 1265 1549 3391">
    <p class='ocr_par' dir='ltr' id='par_1_2' title="bbox 427 1265 1491 1508">
     <span class='ocr_line' id='line_1_2' title="bbox 429 1265 1491 1369; baseline -0.002 -24"><span class='ocrx_word' id='word_1_4' title='bbox 429 1269 542 1367; x_wconf 82' lang='grc' dir='ltr'>ἥμισυ</span> <span class='ocrx_word' id='word_1_5' title='bbox 561 1329 727 1348; x_wconf 90' lang='grc'><strong>......</strong></span> <span class='ocrx_word' id='word_1_6' title='bbox 747 1265 770 1345; x_wconf 79' lang='grc' dir='ltr'>ἃ</span> <span class='ocrx_word' id='word_1_7' title='bbox 793 1270 925 1369; x_wconf 85' lang='grc' dir='ltr'>γίνεται</span> <span class='ocrx_word' id='word_1_8' title='bbox 951 1267 1332 1369; x_wconf 70' lang='grc' dir='ltr'>ε’ννευηκοοτοτίταρτα</span> <span class='ocrx_word' id='word_1_9' title='bbox 1355 1267 1440 1364; x_wconf 87' lang='grc' dir='ltr'>τρία,</span> <span class='ocrx_word' id='word_1_10' title='bbox 1453 1267 1491 1343; x_wconf 81' lang='grc' dir='ltr'>καὶ</span> 
     </span>
     <span class='ocr_line' id='line_1_3' title="bbox 427 1401 1185 1508; baseline -0.003 -25"><span class='ocrx_word' id='word_1_11' title='bbox 427 1413 541 1483; x_wconf 86' lang='grc' dir='ltr'>ταῦτα</span> <span class='ocrx_word' id='word_1_12' title='bbox 557 1406 640 1508; x_wconf 85' lang='grc' dir='ltr'>παρ’</span> <span class='ocrx_word' id='word_1_13' title='bbox 661 1407 786 1506; x_wconf 82' lang='grc' dir='ltr'>ὀλίγον</span> <span class='ocrx_word' id='word_1_14' title='bbox 804 1401 933 1508; x_wconf 88' lang='grc' dir='ltr'>χρόνον</span> <span class='ocrx_word' id='word_1_15' title='bbox 951 1405 1185 1505; x_wconf 84' lang='grc' dir='ltr'>καταγίνεται.</span> 
     </span>
    </p>

    <p class='ocr_par' dir='ltr' id='par_1_3' title="bbox 423 1536 1549 3391">
     <span class='ocr_line' id='line_1_4' title="bbox 485 1536 1494 1646; baseline -0.004 -28"><span class='ocrx_word' id='word_1_16' title='bbox 485 1541 675 1636; x_wconf 85' lang='grc' dir='ltr'>Συμβαίνει</span> <span class='ocrx_word' id='word_1_17' title='bbox 703 1538 741 1620; x_wconf 72' lang='grc' dir='ltr'>δὲ</span> <span class='ocrx_word' id='word_1_18' title='bbox 768 1545 840 1617; x_wconf 82' lang='grc' dir='ltr'>τῶν</span> <span class='ocrx_word' id='word_1_19' title='bbox 865 1542 939 1646; x_wconf 80' lang='lat' dir='ltr'>(for.</span> <span class='ocrx_word' id='word_1_20' title='bbox 960 1537 1017 1642; x_wconf 81' lang='grc' dir='ltr'>τὸ)</span> <span class='ocrx_word' id='word_1_21' title='bbox 1047 1536 1119 1618; x_wconf 76' lang='grc' dir='ltr'>ἀπὸ</span> <span class='ocrx_word' id='word_1_22' title='bbox 1139 1537 1384 1644; x_wconf 61' lang='grc' dir='ltr'>Ἀρταξέρξου</span> <span class='ocrx_word' id='word_1_23' title='bbox 1408 1545 1494 1632; x_wconf 83' lang='grc' dir='ltr'>βασι·</span> 
     </span>
     <span class='ocr_line' id='line_1_5' title="bbox 428 1672 1500 1780; baseline 0.002 -28"><span class='ocrx_word' id='word_1_24' title='bbox 428 1674 525 1759; x_wconf 80' lang='grc' dir='ltr'>λείας</span> <span class='ocrx_word' id='word_1_25' title='bbox 553 1674 651 1759; x_wconf 82' lang='grc' dir='ltr'>ἔτους</span> <span class='ocrx_word' id='word_1_26' title='bbox 678 1673 720 1771; x_wconf 82' lang='grc' dir='ltr'>κ’,</span> <span class='ocrx_word' id='word_1_27' title='bbox 739 1679 787 1758; x_wconf 83' lang='grc' dir='ltr'>ὡς</span> <span class='ocrx_word' id='word_1_28' title='bbox 814 1677 852 1753; x_wconf 86' lang='grc' dir='ltr'>ἐν</span> <span class='ocrx_word' id='word_1_29' title='bbox 879 1672 1090 1780; x_wconf 76' lang='grc' dir='ltr'>τῷἘσδρα</span> <span class='ocrx_word' id='word_1_30' title='bbox 1120 1675 1203 1777; x_wconf 85' lang='grc' dir='ltr'>παρ’</span> <span class='ocrx_word' id='word_1_31' title='bbox 1223 1674 1417 1776; x_wconf 71' lang='grc' dir='ltr'>Ἐβραῶις,</span> <span class='ocrx_word' id='word_1_32' title='bbox 1435 1672 1500 1773; x_wconf 71' lang='grc' dir='ltr'>ὅπερ</span> 
     </span>
     <span class='ocr_line' id='line_1_6' title="bbox 428 1805 1518 1909; baseline -0.003 -23"><span class='ocrx_word' id='word_1_33' title='bbox 428 1808 505 1887; x_wconf 78' lang='grc' dir='ltr'>καθ’</span> <span class='ocrx_word' id='word_1_34' title='bbox 531 1805 719 1908; x_wconf 86' lang='grc' dir='ltr'>Ἕλληνας</span> <span class='ocrx_word' id='word_1_35' title='bbox 750 1806 796 1907; x_wconf 88' lang='grc' dir='ltr'>ἦν</span> <span class='ocrx_word' id='word_1_36' title='bbox 824 1806 1073 1905; x_wconf 75' lang='grc' dir='ltr'>Ὀλυμπιάδος</span> <span class='ocrx_word' id='word_1_37' title='bbox 1105 1810 1349 1909; x_wconf 74' lang='grc' dir='ltr'>ὀγδοηκοστῆς</span> <span class='ocrx_word' id='word_1_38' title='bbox 1381 1809 1500 1906; x_wconf 74' lang='lat' dir='ltr'>(addend.</span> <span class='ocrx_word' id='word_1_39' title='bbox 1507 1840 1518 1898; x_wconf 81' lang='lat'>5</span> 
     </span>
     <span class='ocr_line' id='line_1_7' title="bbox 425 1941 1503 2046; baseline 0.001 -24"><span class='ocrx_word' id='word_1_40' title='bbox 425 1944 560 2044; x_wconf 81' lang='grc' dir='ltr'>τρίτης)</span> <span class='ocrx_word' id='word_1_41' title='bbox 579 1943 748 2044; x_wconf 72' lang='grc' dir='ltr'>τέταρτον</span> <span class='ocrx_word' id='word_1_42' title='bbox 765 1942 852 2036; x_wconf 82' lang='grc' dir='ltr'>ἔτος,</span> <span class='ocrx_word' id='word_1_43' title='bbox 863 1941 986 2046; x_wconf 68' lang='grc' dir='ltr'>μέχρις</span> <span class='ocrx_word' id='word_1_44' title='bbox 1000 1942 1102 2021; x_wconf 78' lang='grc' dir='ltr'>ἕκτου</span> <span class='ocrx_word' id='word_1_45' title='bbox 1119 1944 1179 2020; x_wconf 81' lang='grc' dir='ltr'>καὶ</span> <span class='ocrx_word' id='word_1_46' title='bbox 1191 1941 1342 2021; x_wconf 79' lang='grc' dir='ltr'>δεκάτου</span> <span class='ocrx_word' id='word_1_47' title='bbox 1355 1942 1503 2044; x_wconf 74' lang='grc' dir='ltr'>Τιβερίου</span> 
     </span>
     <span class='ocr_line' id='line_1_8' title="bbox 429 2075 1505 2180; baseline 0.002 -25"><span class='ocrx_word' id='word_1_48' title='bbox 429 2080 624 2179; x_wconf 86' lang='grc' dir='ltr'>Καίσαρος,</span> <span class='ocrx_word' id='word_1_49' title='bbox 658 2079 745 2180; x_wconf 75' lang='grc' dir='ltr'>ίίιτερ</span> <span class='ocrx_word' id='word_1_50' title='bbox 777 2076 821 2177; x_wconf 78' lang='grc' dir='ltr'>ἦν</span> <span class='ocrx_word' id='word_1_51' title='bbox 853 2077 1100 2176; x_wconf 79' lang='grc' dir='ltr'>Ὀλυμπιάδος</span> <span class='ocrx_word' id='word_1_52' title='bbox 1130 2077 1207 2172; x_wconf 82' lang='grc' dir='ltr'>σβ.</span> <span class='ocrx_word' id='word_1_53' title='bbox 1240 2076 1320 2161; x_wconf 78' lang='grc' dir='ltr'>ἔτος</span> <span class='ocrx_word' id='word_1_54' title='bbox 1351 2075 1505 2180; x_wconf 72' lang='grc' dir='ltr'>δεύτεροι,</span> 
     </span>
     <span class='ocr_line' id='line_1_9' title="bbox 425 2209 1507 2317; baseline 0 -24"><span class='ocrx_word' id='word_1_55' title='bbox 425 2211 708 2314; x_wconf 83' lang='grc' dir='ltr'>ε’πιαυνιίγεσθαι</span> <span class='ocrx_word' id='word_1_56' title='bbox 739 2214 784 2293; x_wconf 83' lang='grc' dir='ltr'>τὰ</span> <span class='ocrx_word' id='word_1_57' title='bbox 820 2213 1055 2317; x_wconf 84' lang='grc' dir='ltr'>προειρήμενα</span> <span class='ocrx_word' id='word_1_58' title='bbox 1087 2213 1166 2295; x_wconf 86' lang='grc' dir='ltr'>υοε’.</span> <span class='ocrx_word' id='word_1_59' title='bbox 1208 2209 1234 2290; x_wconf 83' lang='grc' dir='ltr'>ἂ</span> <span class='ocrx_word' id='word_1_60' title='bbox 1264 2214 1401 2314; x_wconf 83' lang='grc' dir='ltr'>γίνεται</span> <span class='ocrx_word' id='word_1_61' title='bbox 1434 2210 1507 2293; x_wconf 69' lang='grc' dir='ltr'>κατὰ</span> 
     </span>
     <span class='ocr_line' id='line_1_10' title="bbox 425 2347 1508 2451; baseline 0.001 -24"><span class='ocrx_word' id='word_1_62' title='bbox 425 2347 616 2451; x_wconf 83' lang='grc' dir='ltr'>Ἑβραίους</span> <span class='ocrx_word' id='word_1_63' title='bbox 634 2347 694 2446; x_wconf 76' lang='grc' dir='ltr'>ἔτη</span> <span class='ocrx_word' id='word_1_64' title='bbox 713 2347 775 2450; x_wconf 61' lang='grc' dir='ltr'>νζ.</span> <span class='ocrx_word' id='word_1_65' title='bbox 796 2353 844 2432; x_wconf 84' lang='grc' dir='ltr'>ὡς</span> <span class='ocrx_word' id='word_1_66' title='bbox 860 2350 1075 2451; x_wconf 82' lang='grc' dir='ltr'>προείρηται.</span> <span class='ocrx_word' id='word_1_67' title='bbox 1106 2354 1201 2427; x_wconf 78' lang='grc' dir='ltr'>τοῦτ’</span> <span class='ocrx_word' id='word_1_68' title='bbox 1216 2350 1318 2427; x_wconf 78' lang='grc' dir='ltr'>ἐστιν</span> <span class='ocrx_word' id='word_1_69' title='bbox 1330 2347 1508 2446; x_wconf 64' lang='grc' dir='ltr'>ἑβδομάδος</span> 
     </span>
     <span class='ocr_line' id='line_1_11' title="bbox 426 2481 1547 2590; baseline 0 -29"><span class='ocrx_word' id='word_1_70' title='bbox 426 2482 469 2561; x_wconf 87' lang='lat' dir='ltr'>o&#39;.</span> <span class='ocrx_word' id='word_1_71' title='bbox 500 2481 594 2562; x_wconf 79' lang='grc' dir='ltr'>καθὰ</span> <span class='ocrx_word' id='word_1_72' title='bbox 610 2483 858 2588; x_wconf 78' lang='grc' dir='ltr'>προεφητειίθη</span> <span class='ocrx_word' id='word_1_73' title='bbox 883 2489 934 2590; x_wconf 73' lang='grc' dir='ltr'>τῷ</span> <span class='ocrx_word' id='word_1_74' title='bbox 953 2482 1096 2583; x_wconf 83' lang='grc' dir='ltr'>Δανιὴλ</span> <span class='ocrx_word' id='word_1_75' title='bbox 1121 2481 1190 2564; x_wconf 75' lang='grc' dir='ltr'>ὑπὸ</span> <span class='ocrx_word' id='word_1_76' title='bbox 1215 2492 1279 2562; x_wconf 85' lang='grc' dir='ltr'>τοῦ</span> <span class='ocrx_word' id='word_1_77' title='bbox 1308 2483 1472 2586; x_wconf 80' lang='grc' dir='ltr'>Γαβριὴλ</span> <span class='ocrx_word' id='word_1_78' title='bbox 1492 2483 1547 2580; x_wconf 74' lang='lat' dir='ltr'>siro</span> 
     </span>
     <span class='ocr_line' id='line_1_12' title="bbox 425 2616 1508 2725; baseline 0.002 -29"><span class='ocrx_word' id='word_1_79' title='bbox 425 2622 589 2719; x_wconf 78' lang='grc' dir='ltr'>Χριστοῦ</span> <span class='ocrx_word' id='word_1_80' title='bbox 607 2619 799 2719; x_wconf 83' lang='grc' dir='ltr'>παρουσία.</span> <span class='ocrx_word' id='word_1_81' title='bbox 829 2629 859 2696; x_wconf 78' lang='grc' dir='ltr'>εἰ</span> <span class='ocrx_word' id='word_1_82' title='bbox 878 2616 920 2697; x_wconf 71' lang='grc' dir='ltr'>δι’</span> <span class='ocrx_word' id='word_1_83' title='bbox 939 2652 991 2725; x_wconf 79' lang='grc' dir='ltr'>τερ</span> <span class='ocrx_word' id='word_1_84' title='bbox 1015 2616 1177 2698; x_wconf 80' lang='grc' dir='ltr'>δοκεῖτὰ</span> <span class='ocrx_word' id='word_1_85' title='bbox 1201 2618 1252 2697; x_wconf 86' lang='grc' dir='ltr'>ιε’.</span> <span class='ocrx_word' id='word_1_86' title='bbox 1273 2618 1347 2718; x_wconf 78' lang='grc' dir='ltr'>ἔτη,</span> <span class='ocrx_word' id='word_1_87' title='bbox 1365 2617 1413 2698; x_wconf 76' lang='grc' dir='ltr'>τὰ</span> <span class='ocrx_word' id='word_1_88' title='bbox 1429 2619 1508 2712; x_wconf 87' lang='grc' dir='ltr'>Ἑβ·</span> 
     </span>
     <span class='ocr_line' id='line_1_13' title="bbox 425 2747 1511 2858; baseline 0.001 -30"><span class='ocrx_word' id='word_1_89' title='bbox 425 2749 542 2851; x_wconf 82' lang='grc' dir='ltr'>ραϊκὰ,</span> <span class='ocrx_word' id='word_1_90' title='bbox 562 2747 705 2848; x_wconf 86' lang='grc' dir='ltr'>πλαίνην</span> <span class='ocrx_word' id='word_1_91' title='bbox 721 2753 902 2858; x_wconf 80' lang='grc' dir='ltr'>ἐγγεννᾷν·</span> <span class='ocrx_word' id='word_1_92' title='bbox 933 2753 1007 2850; x_wconf 87' lang='grc' dir='ltr'>μετ’</span> <span class='ocrx_word' id='word_1_93' title='bbox 1028 2755 1151 2840; x_wconf 72' lang='grc' dir='ltr'>ἐκεῖνα,</span> <span class='ocrx_word' id='word_1_94' title='bbox 1170 2758 1218 2835; x_wconf 84' lang='grc' dir='ltr'>είς</span> <span class='ocrx_word' id='word_1_95' title='bbox 1235 2751 1330 2850; x_wconf 79' lang='grc' dir='ltr'>ἡμᾶς</span> <span class='ocrx_word' id='word_1_96' title='bbox 1355 2752 1418 2849; x_wconf 80' lang='grc' dir='ltr'>ἔτη</span> <span class='ocrx_word' id='word_1_97' title='bbox 1442 2755 1511 2829; x_wconf 87' lang='grc' dir='ltr'>δια·</span> 
     </span>
     <span class='ocr_line' id='line_1_14' title="bbox 426 2881 1510 2992; baseline -0.001 -30"><span class='ocrx_word' id='word_1_98' title='bbox 426 2882 533 2963; x_wconf 87' lang='grc' dir='ltr'>κόσια</span> <span class='ocrx_word' id='word_1_99' title='bbox 554 2881 671 2984; x_wconf 77' lang='grc' dir='ltr'>ἔγγὺς,</span> <span class='ocrx_word' id='word_1_100' title='bbox 690 2892 747 2963; x_wconf 87' lang='grc' dir='ltr'>καὶ</span> <span class='ocrx_word' id='word_1_101' title='bbox 770 2883 870 2964; x_wconf 74' lang='grc' dir='ltr'>οὐδὲν</span> <span class='ocrx_word' id='word_1_102' title='bbox 894 2887 932 2964; x_wconf 82' lang='grc' dir='ltr'>ἐν</span> <span class='ocrx_word' id='word_1_103' title='bbox 956 2885 1057 2992; x_wconf 82' lang='grc' dir='ltr'>με’σιρ</span> <span class='ocrx_word' id='word_1_104' title='bbox 1084 2883 1290 2991; x_wconf 81' lang='grc' dir='ltr'>παράδοξον</span> <span class='ocrx_word' id='word_1_105' title='bbox 1318 2884 1510 2988; x_wconf 77' lang='grc' dir='ltr'>ἱστόρηται.</span> 
     </span>
     <span class='ocr_line' id='line_1_15' title="bbox 425 3017 1512 3119; baseline 0.004 -23"><span class='ocrx_word' id='word_1_106' title='bbox 425 3017 572 3097; x_wconf 82' lang='grc' dir='ltr'>δύναται</span> <span class='ocrx_word' id='word_1_107' title='bbox 590 3017 627 3097; x_wconf 72' lang='grc' dir='ltr'>δὲ</span> <span class='ocrx_word' id='word_1_108' title='bbox 646 3023 703 3097; x_wconf 82' lang='grc' dir='ltr'>καὶ</span> <span class='ocrx_word' id='word_1_109' title='bbox 721 3020 744 3117; x_wconf 84' lang='grc' dir='ltr'><em>ἡ</em></span> <span class='ocrx_word' id='word_1_110' title='bbox 762 3021 827 3116; x_wconf 85' lang='grc' dir='ltr'>μία</span> <span class='ocrx_word' id='word_1_111' title='bbox 845 3022 903 3098; x_wconf 74' lang='grc' dir='ltr'>καὶ</span> <span class='ocrx_word' id='word_1_112' title='bbox 927 3021 1071 3118; x_wconf 83' lang='grc' dir='ltr'>ἡμίσεια</span> <span class='ocrx_word' id='word_1_113' title='bbox 1097 3018 1261 3117; x_wconf 74' lang='grc' dir='ltr'>ἑβδομὰς,</span> <span class='ocrx_word' id='word_1_114' title='bbox 1279 3019 1326 3119; x_wconf 80' lang='grc' dir='ltr'>ἢν</span> <span class='ocrx_word' id='word_1_115' title='bbox 1349 3023 1408 3100; x_wconf 79' lang='grc' dir='ltr'>ἐπὶ</span> <span class='ocrx_word' id='word_1_116' title='bbox 1432 3054 1512 3099; x_wconf 85' lang='grc' dir='ltr'>σου·</span> 
     </span>
     <span class='ocr_line' id='line_1_16' title="bbox 423 3153 1549 3261; baseline 0.002 -30"><span class='ocrx_word' id='word_1_117' title='bbox 423 3157 543 3259; x_wconf 79' lang='grc' dir='ltr'>τελείᾳ</span> <span class='ocrx_word' id='word_1_118' title='bbox 562 3155 642 3260; x_wconf 81' lang='lat' dir='ltr'>(for.</span> <span class='ocrx_word' id='word_1_119' title='bbox 661 3188 706 3258; x_wconf 85' lang='grc' dir='ltr'>τη</span> <span class='ocrx_word' id='word_1_120' title='bbox 724 3153 790 3261; x_wconf 85' lang='grc' dir='ltr'>ο.)</span> <span class='ocrx_word' id='word_1_121' title='bbox 816 3153 1169 3256; x_wconf 79' lang='grc' dir='ltr'>παραλαμβάνεσθαι</span> <span class='ocrx_word' id='word_1_122' title='bbox 1194 3161 1267 3236; x_wconf 82' lang='grc' dir='ltr'>δεῖν</span> <span class='ocrx_word' id='word_1_123' title='bbox 1293 3158 1549 3254; x_wconf 62' lang='grc' dir='ltr'>ὖπονοοιῖμενμη</span> 
     </span>
     <span class='ocr_line' id='line_1_17' title="bbox 424 3286 1513 3391; baseline 0.002 -23"><span class='ocrx_word' id='word_1_124' title='bbox 424 3295 640 3391; x_wconf 86' lang='grc' dir='ltr'>παρηγορεῖν</span> <span class='ocrx_word' id='word_1_125' title='bbox 667 3286 731 3367; x_wconf 80' lang='grc' dir='ltr'>τὸν</span> <span class='ocrx_word' id='word_1_126' title='bbox 757 3289 1026 3390; x_wconf 80' lang='grc' dir='ltr'>ἐπιζητούμενον</span> <span class='ocrx_word' id='word_1_127' title='bbox 1053 3296 1125 3368; x_wconf 82' lang='grc' dir='ltr'>τῶν</span> <span class='ocrx_word' id='word_1_128' title='bbox 1153 3288 1205 3368; x_wconf 81' lang='grc' dir='ltr'>ιε’.</span> <span class='ocrx_word' id='word_1_129' title='bbox 1232 3293 1321 3370; x_wconf 83' lang='grc' dir='ltr'>ε’τῶν</span> <span class='ocrx_word' id='word_1_130' title='bbox 1348 3293 1408 3370; x_wconf 78' lang='grc' dir='ltr'>καὶ</span> <span class='ocrx_word' id='word_1_131' title='bbox 1436 3325 1513 3370; x_wconf 83' lang='grc' dir='ltr'>κοιν-</span> 
     </span>
    </p>
   </div>
   <div class='ocr_carea' id='block_1_3' title="bbox 425 3421 1549 3936">
    <p class='ocr_par' dir='ltr' id='par_1_4' title="bbox 425 3421 1516 3665">
     <span class='ocr_line' id='line_1_18' title="bbox 425 3421 1516 3532; baseline 0.005 -31"><span class='ocrx_word' id='word_1_132' title='bbox 425 3424 539 3529; x_wconf 77' lang='grc' dir='ltr'>φίζειν</span> <span class='ocrx_word' id='word_1_133' title='bbox 566 3421 708 3527; x_wconf 87' lang='grc' dir='ltr'>χρόνον.</span> <span class='ocrx_word' id='word_1_134' title='bbox 740 3424 794 3503; x_wconf 82' lang='grc' dir='ltr'>ὅτι</span> <span class='ocrx_word' id='word_1_135' title='bbox 821 3459 860 3503; x_wconf 97' lang='grc' dir='ltr'>τε</span> <span class='ocrx_word' id='word_1_136' title='bbox 893 3426 1208 3529; x_wconf 80' lang='grc' dir='ltr'>συμβολικώτερον</span> <span class='ocrx_word' id='word_1_137' title='bbox 1240 3432 1277 3504; x_wconf 86' lang='grc' dir='ltr'>αῖ</span> <span class='ocrx_word' id='word_1_138' title='bbox 1309 3433 1516 3532; x_wconf 81' lang='grc' dir='ltr'>προφητεῖαι</span> 
     </span>
     <span class='ocr_line' id='line_1_19' title="bbox 425 3558 1073 3665; baseline 0 -27"><span class='ocrx_word' id='word_1_139' title='bbox 425 3558 682 3665; x_wconf 78' lang='grc' dir='ltr'>ἐξευενεγμίναι</span> <span class='ocrx_word' id='word_1_140' title='bbox 701 3559 929 3662; x_wconf 77' lang='grc' dir='ltr'>τυγχάνουσι,</span> <span class='ocrx_word' id='word_1_141' title='bbox 948 3563 1073 3658; x_wconf 77' lang='grc' dir='ltr'>δῆλον.</span> 
     </span>
    </p>

    <p class='ocr_par' dir='ltr' id='par_1_5' title="bbox 425 3692 1549 3936">
     <span class='ocr_line' id='line_1_20' title="bbox 480 3692 1517 3802; baseline 0.003 -29"><span class='ocrx_word' id='word_1_142' title='bbox 480 3693 646 3773; x_wconf 69' lang='grc' dir='ltr'>Ὀπόσον</span> <span class='ocrx_word' id='word_1_143' title='bbox 683 3693 720 3773; x_wconf 70' lang='grc' dir='ltr'>δὲ</span> <span class='ocrx_word' id='word_1_144' title='bbox 755 3697 813 3799; x_wconf 78' lang='grc' dir='ltr'>ἐφ’</span> <span class='ocrx_word' id='word_1_145' title='bbox 844 3695 935 3793; x_wconf 84' lang='grc' dir='ltr'>ἡμῖν,</span> <span class='ocrx_word' id='word_1_146' title='bbox 970 3695 1094 3796; x_wconf 85' lang='grc' dir='ltr'>ὅρθως,</span> <span class='ocrx_word' id='word_1_147' title='bbox 1131 3692 1236 3791; x_wconf 81' lang='grc' dir='ltr'>οἶμαι,</span> <span class='ocrx_word' id='word_1_148' title='bbox 1273 3693 1340 3794; x_wconf 86' lang='grc' dir='ltr'>τὴν</span> <span class='ocrx_word' id='word_1_149' title='bbox 1375 3697 1517 3802; x_wconf 77' lang='grc' dir='ltr'>γραφὴν</span> 
     </span>
     <span class='ocr_line' id='line_1_21' title="bbox 425 3828 1549 3936; baseline -0.001 -27"><span class='ocrx_word' id='word_1_150' title='bbox 425 3828 629 3936; x_wconf 76' lang='grc' dir='ltr'>ἐδεξάμεθα,</span> <span class='ocrx_word' id='word_1_151' title='bbox 661 3832 734 3908; x_wconf 81' lang='grc' dir='ltr'>ε’πεὶ</span> <span class='ocrx_word' id='word_1_152' title='bbox 772 3833 830 3908; x_wconf 78' lang='grc' dir='ltr'>καὶ</span> <span class='ocrx_word' id='word_1_153' title='bbox 866 3833 1115 3931; x_wconf 86' lang='grc' dir='ltr'>συναιρεῖσθαί</span> <span class='ocrx_word' id='word_1_154' title='bbox 1143 3866 1220 3914; x_wconf 90' lang='grc' dir='ltr'>πως</span> <span class='ocrx_word' id='word_1_155' title='bbox 1250 3831 1428 3933; x_wconf 75' lang='grc' dir='ltr'>ἡγουμένη</span> <span class='ocrx_word' id='word_1_156' title='bbox 1459 3836 1549 3929; x_wconf 71' lang='lat' dir='ltr'>visa&lt;</span> 
     </span>
    </p>
   </div>
   <div class='ocr_carea' id='block_1_4' title="bbox 424 4014 1549 5212">
    <p class='ocr_par' dir='ltr' id='par_1_6' title="bbox 424 4014 1549 5212">
     <span class='ocr_line' id='line_1_22' title="bbox 466 4014 1516 4094; baseline -0.002 -20"><span class='ocrx_word' id='word_1_157' title='bbox 466 4017 513 4074; x_wconf 80' lang='lat' dir='ltr'>Ab</span> <span class='ocrx_word' id='word_1_158' title='bbox 526 4016 696 4074; x_wconf 74' lang='lat' dir='ltr'>Artaxerxis</span> <span class='ocrx_word' id='word_1_159' title='bbox 718 4025 814 4072; x_wconf 81' lang='lat' dir='ltr'>cutem</span> <span class='ocrx_word' id='word_1_160' title='bbox 836 4014 946 4094; x_wconf 88' lang='lat' dir='ltr'>imperii</span> <span class='ocrx_word' id='word_1_161' title='bbox 998 4027 1058 4074; x_wconf 88' lang='lat' dir='ltr'>tem</span> <span class='ocrx_word' id='word_1_162' title='bbox 1074 4035 1119 4073; x_wconf 87' lang='grc' dir='ltr'>ιο.</span> <span class='ocrx_word' id='word_1_163' title='bbox 1130 4035 1254 4074; x_wconf 87' lang='lat' dir='ltr'>errorem</span> <span class='ocrx_word' id='word_1_164' title='bbox 1271 4015 1341 4074; x_wconf 87' lang='lat' dir='ltr'>licet</span> <span class='ocrx_word' id='word_1_165' title='bbox 1352 4016 1516 4076; x_wconf 90' lang='lat' dir='ltr'>nonnemini</span> 
     </span>
     <span class='ocr_line' id='line_1_23' title="bbox 426 4094 1518 4172; baseline 0.002 -20"><span class='ocrx_word' id='word_1_166' title='bbox 426 4115 503 4153; x_wconf 91' lang='lat' dir='ltr'>anno</span> <span class='ocrx_word' id='word_1_167' title='bbox 538 4096 676 4172; x_wconf 83' lang='lat' dir='ltr'>vigesimo</span> <span class='ocrx_word' id='word_1_168' title='bbox 711 4095 807 4171; x_wconf 88' lang='lat' dir='ltr'>(cujus</span> <span class='ocrx_word' id='word_1_169' title='bbox 840 4094 949 4153; x_wconf 81' lang='lat' dir='ltr'>Esdras</span> <span class='ocrx_word' id='word_1_170' title='bbox 1000 4095 1153 4154; x_wconf 87' lang='lat' dir='ltr'>videantur</span> <span class='ocrx_word' id='word_1_171' title='bbox 1177 4097 1330 4154; x_wconf 84' lang='lat' dir='ltr'>invehere:</span> <span class='ocrx_word' id='word_1_172' title='bbox 1363 4107 1443 4154; x_wconf 82' lang='lat' dir='ltr'>certe</span> <span class='ocrx_word' id='word_1_173' title='bbox 1468 4095 1518 4154; x_wconf 89' lang='lat' dir='ltr'>dn·</span> 
     </span>
     <span class='ocr_line' id='line_1_24' title="bbox 427 4175 1517 4234; baseline 0.002 -3"><span class='ocrx_word' id='word_1_174' title='bbox 427 4175 561 4234; x_wconf 76' lang='lat' dir='ltr'>Hebraeis</span> <span class='ocrx_word' id='word_1_175' title='bbox 583 4175 719 4233; x_wconf 88' lang='lat' dir='ltr'>laudatus</span> <span class='ocrx_word' id='word_1_176' title='bbox 740 4176 845 4233; x_wconf 81' lang='lat' dir='ltr'><strong>author</strong></span> <span class='ocrx_word' id='word_1_177' title='bbox 866 4177 949 4234; x_wconf 88' lang='lat' dir='ltr'>testis</span> <span class='ocrx_word' id='word_1_178' title='bbox 1000 4175 1078 4234; x_wconf 88' lang='lat' dir='ltr'>bium</span> <span class='ocrx_word' id='word_1_179' title='bbox 1098 4177 1153 4234; x_wconf 92' lang='lat' dir='ltr'>hoc</span> <span class='ocrx_word' id='word_1_180' title='bbox 1173 4176 1204 4232; x_wconf 90' lang='lat' dir='ltr'>in</span> <span class='ocrx_word' id='word_1_181' title='bbox 1225 4175 1352 4234; x_wconf 90' lang='lat' dir='ltr'>medium</span> <span class='ocrx_word' id='word_1_182' title='bbox 1374 4176 1449 4234; x_wconf 86' lang='lat' dir='ltr'>nihil</span> <span class='ocrx_word' id='word_1_183' title='bbox 1469 4177 1517 4234; x_wconf 88' lang='lat' dir='ltr'>ab·</span> 
     </span>
     <span class='ocr_line' id='line_1_25' title="bbox 425 4255 1518 4334; baseline 0.001 -22"><span class='ocrx_word' id='word_1_184' title='bbox 425 4260 483 4329; x_wconf 84' lang='lat' dir='ltr'>est)</span> <span class='ocrx_word' id='word_1_185' title='bbox 507 4256 556 4332; x_wconf 90' lang='lat' dir='ltr'>qui</span> <span class='ocrx_word' id='word_1_186' title='bbox 577 4256 750 4314; x_wconf 72' lang='lat' dir='ltr'>Graecanicae</span> <span class='ocrx_word' id='word_1_187' title='bbox 765 4255 948 4334; x_wconf 79' lang='lat' dir='ltr'>Olympiadis</span> <span class='ocrx_word' id='word_1_188' title='bbox 999 4256 1078 4313; x_wconf 87' lang='lat' dir='ltr'>surdi</span> <span class='ocrx_word' id='word_1_189' title='bbox 1090 4256 1217 4334; x_wconf 83' lang='lat' dir='ltr'>proferre</span> <span class='ocrx_word' id='word_1_190' title='bbox 1228 4255 1367 4315; x_wconf 87' lang='lat' dir='ltr'>indubius</span> <span class='ocrx_word' id='word_1_191' title='bbox 1376 4276 1453 4314; x_wconf 90' lang='lat' dir='ltr'>sum.</span> <span class='ocrx_word' id='word_1_192' title='bbox 1480 4259 1518 4314; x_wconf 78' lang='lat' dir='ltr'>At</span> 
     </span>
     <span class='ocr_line' id='line_1_26' title="bbox 427 4335 1549 4413; baseline 0.002 -22"><span class='ocrx_word' id='word_1_193' title='bbox 427 4335 475 4409; x_wconf 85' lang='lat'>84.</span> <span class='ocrx_word' id='word_1_194' title='bbox 488 4346 609 4412; x_wconf 85' lang='lat' dir='ltr'>quartus</span> <span class='ocrx_word' id='word_1_195' title='bbox 623 4336 691 4404; x_wconf 83' lang='lat' dir='ltr'>fuit,</span> <span class='ocrx_word' id='word_1_196' title='bbox 707 4335 744 4393; x_wconf 89' lang='lat' dir='ltr'>ad</span> <span class='ocrx_word' id='word_1_197' title='bbox 758 4335 868 4393; x_wconf 82' lang='lat' dir='ltr'>Tiberii</span> <span class='ocrx_word' id='word_1_198' title='bbox 883 4336 947 4392; x_wconf 80' lang='lat' dir='ltr'>Cae.</span> <span class='ocrx_word' id='word_1_199' title='bbox 998 4355 1084 4413; x_wconf 90' lang='lat' dir='ltr'>quam</span> <span class='ocrx_word' id='word_1_200' title='bbox 1108 4335 1257 4393; x_wconf 86' lang='lat' dir='ltr'>commode</span> <span class='ocrx_word' id='word_1_201' title='bbox 1281 4335 1440 4394; x_wconf 81' lang='lat' dir='ltr'>hebdomas</span> <span class='ocrx_word' id='word_1_202' title='bbox 1464 4354 1549 4410; x_wconf 69' lang='lat' dir='ltr'>unaag</span> 
     </span>
     <span class='ocr_line' id='line_1_27' title="bbox 425 4415 1519 4492; baseline 0.001 -19"><span class='ocrx_word' id='word_1_203' title='bbox 425 4416 496 4473; x_wconf 88' lang='lat' dir='ltr'>saris</span> <span class='ocrx_word' id='word_1_204' title='bbox 517 4436 623 4473; x_wconf 83' lang='lat' dir='ltr'>annum</span> <span class='ocrx_word' id='word_1_205' title='bbox 651 4415 793 4474; x_wconf 88' lang='lat' dir='ltr'>decimum</span> <span class='ocrx_word' id='word_1_206' title='bbox 821 4426 946 4481; x_wconf 84' lang='lat' dir='ltr'>sextum,</span> <span class='ocrx_word' id='word_1_207' title='bbox 999 4415 1140 4474; x_wconf 88' lang='lat' dir='ltr'>etaltera</span> <span class='ocrx_word' id='word_1_208' title='bbox 1161 4416 1255 4474; x_wconf 90' lang='lat' dir='ltr'>media</span> <span class='ocrx_word' id='word_1_209' title='bbox 1279 4418 1378 4492; x_wconf 90' lang='lat' dir='ltr'>(quam</span> <span class='ocrx_word' id='word_1_210' title='bbox 1404 4416 1442 4474; x_wconf 89' lang='lat' dir='ltr'>ad</span> <span class='ocrx_word' id='word_1_211' title='bbox 1466 4436 1519 4474; x_wconf 88' lang='lat' dir='ltr'>nu-</span> 
     </span>
     <span class='ocr_line' id='line_1_28' title="bbox 426 4494 1518 4574; baseline 0.002 -21"><span class='ocrx_word' id='word_1_212' title='bbox 426 4497 475 4573; x_wconf 91' lang='lat' dir='ltr'>qui</span> <span class='ocrx_word' id='word_1_213' title='bbox 504 4495 688 4574; x_wconf 85' lang='lat' dir='ltr'>Olympiadis</span> <span class='ocrx_word' id='word_1_214' title='bbox 718 4514 786 4553; x_wconf 82' lang='lat'>202.</span> <span class='ocrx_word' id='word_1_215' title='bbox 814 4515 890 4552; x_wconf 92' lang='lat' dir='ltr'>anno</span> <span class='ocrx_word' id='word_1_216' title='bbox 917 4515 945 4568; x_wconf 88' lang='lat'>4.</span> <span class='ocrx_word' id='word_1_217' title='bbox 999 4495 1070 4553; x_wconf 89' lang='lat' dir='ltr'>meri</span> <span class='ocrx_word' id='word_1_218' title='bbox 1098 4494 1341 4573; x_wconf 85' lang='lat' dir='ltr'>complementum</span> <span class='ocrx_word' id='word_1_219' title='bbox 1373 4516 1518 4555; x_wconf 87' lang='lat' dir='ltr'>assumen-</span> 
     </span>
     <span class='ocr_line' id='line_1_29' title="bbox 425 4574 1518 4652; baseline -0.001 -20"><span class='ocrx_word' id='word_1_220' title='bbox 425 4575 616 4652; x_wconf 76' lang='lat' dir='ltr'>aequalisest3</span> <span class='ocrx_word' id='word_1_221' title='bbox 632 4575 945 4651; x_wconf 81' lang='lat' dir='ltr'>annosJulianos475.</span> <span class='ocrx_word' id='word_1_222' title='bbox 999 4575 1064 4633; x_wconf 86' lang='lat' dir='ltr'>dnm</span> <span class='ocrx_word' id='word_1_223' title='bbox 1093 4575 1277 4652; x_wconf 85' lang='lat' dir='ltr'>conjicimus)</span> <span class='ocrx_word' id='word_1_224' title='bbox 1303 4574 1340 4633; x_wconf 92' lang='lat' dir='ltr'>de</span> <span class='ocrx_word' id='word_1_225' title='bbox 1364 4577 1449 4635; x_wconf 86' lang='lat' dir='ltr'>annis</span> <span class='ocrx_word' id='word_1_226' title='bbox 1477 4593 1518 4651; x_wconf 80' lang='lat'>15.</span> 
     </span>
     <span class='ocr_line' id='line_1_30' title="bbox 424 4655 1518 4733; baseline 0.001 -20"><span class='ocrx_word' id='word_1_227' title='bbox 424 4675 512 4733; x_wconf 87' lang='lat' dir='ltr'>supra</span> <span class='ocrx_word' id='word_1_228' title='bbox 536 4666 717 4724; x_wconf 84' lang='lat' dir='ltr'>memoratos,</span> <span class='ocrx_word' id='word_1_229' title='bbox 735 4656 785 4732; x_wconf 85' lang='lat' dir='ltr'>qui</span> <span class='ocrx_word' id='word_1_230' title='bbox 806 4655 946 4713; x_wconf 75' lang='lat' dir='ltr'>Hebraeos</span> <span class='ocrx_word' id='word_1_231' title='bbox 998 4656 1151 4732; x_wconf 88' lang='lat' dir='ltr'>quaestioni</span> <span class='ocrx_word' id='word_1_232' title='bbox 1184 4656 1268 4713; x_wconf 83' lang='lat' dir='ltr'>factoe</span> <span class='ocrx_word' id='word_1_233' title='bbox 1302 4655 1463 4721; x_wconf 84' lang='lat' dir='ltr'>medeatur,</span> <span class='ocrx_word' id='word_1_234' title='bbox 1490 4667 1518 4714; x_wconf 87' lang='lat' dir='ltr'>et</span> 
     </span>
     <span class='ocr_line' id='line_1_31' title="bbox 425 4735 1549 4812; baseline -0.001 -21"><span class='ocrx_word' id='word_1_235' title='bbox 425 4754 494 4809; x_wconf 86' lang='lat'><strong>490.</strong></span> <span class='ocrx_word' id='word_1_236' title='bbox 497 4735 584 4811; x_wconf 87' lang='lat' dir='ltr'>juxta</span> <span class='ocrx_word' id='word_1_237' title='bbox 593 4735 749 4810; x_wconf 77' lang='lat' dir='ltr'>praemissa,</span> <span class='ocrx_word' id='word_1_238' title='bbox 757 4747 945 4812; x_wconf 89' lang='lat' dir='ltr'>componunt,</span> <span class='ocrx_word' id='word_1_239' title='bbox 999 4736 1156 4793; x_wconf 90' lang='lat' dir='ltr'>terminum</span> <span class='ocrx_word' id='word_1_240' title='bbox 1171 4735 1273 4793; x_wconf 89' lang='lat' dir='ltr'>reddat</span> <span class='ocrx_word' id='word_1_241' title='bbox 1286 4736 1447 4794; x_wconf 84' lang='lat' dir='ltr'>breviorem</span> <span class='ocrx_word' id='word_1_242' title='bbox 1462 4756 1518 4794; x_wconf 91' lang='lat' dir='ltr'>uno</span> <span class='ocrx_word' id='word_1_243' title='bbox 1526 4757 1549 4812; x_wconf 72' lang='lat'>³⁸</span> 
     </span>
     <span class='ocr_line' id='line_1_32' title="bbox 425 4814 1518 4879; baseline 0.001 -7"><span class='ocrx_word' id='word_1_244' title='bbox 425 4824 625 4879; x_wconf 87' lang='lat' dir='ltr'>numerantur,</span> <span class='ocrx_word' id='word_1_245' title='bbox 641 4814 668 4871; x_wconf 93' lang='lat' dir='ltr'>id</span> <span class='ocrx_word' id='word_1_246' title='bbox 691 4826 735 4872; x_wconf 88' lang='lat' dir='ltr'>est</span> <span class='ocrx_word' id='word_1_247' title='bbox 754 4814 947 4873; x_wconf 81' lang='lat' dir='ltr'>hebdomades</span> <span class='ocrx_word' id='word_1_248' title='bbox 998 4816 1086 4873; x_wconf 87' lang='lat' dir='ltr'>verbo</span> <span class='ocrx_word' id='word_1_249' title='bbox 1114 4817 1391 4874; x_wconf 87' lang='lat' dir='ltr'>consummationem</span> <span class='ocrx_word' id='word_1_250' title='bbox 1421 4816 1518 4875; x_wconf 85' lang='lat' dir='ltr'>abbre-</span> 
     </span>
     <span class='ocr_line' id='line_1_33' title="bbox 427 4894 1518 4973; baseline -0.002 -21"><span class='ocrx_word' id='word_1_251' title='bbox 427 4910 474 4969; x_wconf 87' lang='lat'>70.</span> <span class='ocrx_word' id='word_1_252' title='bbox 494 4905 559 4972; x_wconf 87' lang='lat' dir='ltr'>post</span> <span class='ocrx_word' id='word_1_253' title='bbox 580 4915 652 4972; x_wconf 87' lang='lat' dir='ltr'>quas</span> <span class='ocrx_word' id='word_1_254' title='bbox 674 4894 783 4952; x_wconf 82' lang='lat' dir='ltr'>Christi</span> <span class='ocrx_word' id='word_1_255' title='bbox 805 4894 947 4953; x_wconf 82' lang='lat' dir='ltr'>adventus</span> <span class='ocrx_word' id='word_1_256' title='bbox 998 4895 1067 4963; x_wconf 84' lang='lat' dir='ltr'>riet,</span> <span class='ocrx_word' id='word_1_257' title='bbox 1092 4895 1171 4972; x_wconf 84' lang='lat' dir='ltr'>quod</span> <span class='ocrx_word' id='word_1_258' title='bbox 1195 4896 1356 4973; x_wconf 77' lang='lat' dir='ltr'>prophetiae</span> <span class='ocrx_word' id='word_1_259' title='bbox 1384 4896 1518 4973; x_wconf 85' lang='lat' dir='ltr'>symbolis</span> 
     </span>
     <span class='ocr_line' id='line_1_34' title="bbox 425 4974 1515 5052; baseline 0.001 -20"><span class='ocrx_word' id='word_1_260' title='bbox 425 4974 592 5033; x_wconf 86' lang='lat' dir='ltr'>aGabriele</span> <span class='ocrx_word' id='word_1_261' title='bbox 602 4974 719 5031; x_wconf 89' lang='lat' dir='ltr'>Danieli</span> <span class='ocrx_word' id='word_1_262' title='bbox 733 4975 947 5052; x_wconf 65' lang='lat' dir='ltr'>praenunciatus</span> <span class='ocrx_word' id='word_1_263' title='bbox 998 4974 1136 5033; x_wconf 76' lang='lat' dir='ltr'>involute</span> <span class='ocrx_word' id='word_1_264' title='bbox 1162 4975 1283 5052; x_wconf 84' lang='lat' dir='ltr'>proferri</span> <span class='ocrx_word' id='word_1_265' title='bbox 1310 4975 1432 5041; x_wconf 88' lang='lat' dir='ltr'>soleant.</span> <span class='ocrx_word' id='word_1_266' title='bbox 1458 4997 1515 5034; x_wconf 91' lang='lat' dir='ltr'>om·</span> 
     </span>
     <span class='ocr_line' id='line_1_35' title="bbox 425 5054 1367 5133; baseline -0.001 -20"><span class='ocrx_word' id='word_1_267' title='bbox 425 5066 478 5114; x_wconf 86' lang='lat' dir='ltr'>est.</span> <span class='ocrx_word' id='word_1_268' title='bbox 522 5054 660 5113; x_wconf 87' lang='lat' dir='ltr'>Hebraici</span> <span class='ocrx_word' id='word_1_269' title='bbox 682 5074 752 5111; x_wconf 88' lang='lat' dir='ltr'>vero</span> <span class='ocrx_word' id='word_1_270' title='bbox 772 5055 839 5111; x_wconf 88' lang='lat' dir='ltr'>anni</span> <span class='ocrx_word' id='word_1_271' title='bbox 861 5055 946 5131; x_wconf 90' lang='lat' dir='ltr'>quin·</span> <span class='ocrx_word' id='word_1_272' title='bbox 998 5055 1068 5112; x_wconf 89' lang='lat' dir='ltr'>nino</span> <span class='ocrx_word' id='word_1_273' title='bbox 1082 5055 1267 5112; x_wconf 83' lang='lat' dir='ltr'>manifestum</span> <span class='ocrx_word' id='word_1_274' title='bbox 1284 5066 1367 5133; x_wconf 87' lang='lat' dir='ltr'>puto.</span> 
     </span>
     <span class='ocr_line' id='line_1_36' title="bbox 425 5134 1549 5212; baseline 0 -20"><span class='ocrx_word' id='word_1_275' title='bbox 425 5136 517 5194; x_wconf 83' lang='lat' dir='ltr'>decim</span> <span class='ocrx_word' id='word_1_276' title='bbox 533 5134 598 5191; x_wconf 85' lang='lat' dir='ltr'>aliis</span> <span class='ocrx_word' id='word_1_277' title='bbox 612 5134 716 5209; x_wconf 88' lang='lat' dir='ltr'>adjecti</span> <span class='ocrx_word' id='word_1_278' title='bbox 732 5154 872 5190; x_wconf 86' lang='lat' dir='ltr'>annorum</span> <span class='ocrx_word' id='word_1_279' title='bbox 890 5134 944 5191; x_wconf 86' lang='lat' dir='ltr'>sal·</span> <span class='ocrx_word' id='word_1_280' title='bbox 1039 5135 1116 5193; x_wconf 87' lang='lat' dir='ltr'>Sane</span> <span class='ocrx_word' id='word_1_281' title='bbox 1129 5144 1269 5212; x_wconf 85' lang='lat' dir='ltr'>quantum</span> <span class='ocrx_word' id='word_1_282' title='bbox 1286 5136 1418 5194; x_wconf 77' lang='lat' dir='ltr'>minerva</span> <span class='ocrx_word' id='word_1_283' title='bbox 1428 5135 1513 5200; x_wconf 84' lang='lat' dir='ltr'>dedit,</span> <span class='ocrx_word' id='word_1_284' title='bbox 1522 5154 1549 5210; x_wconf 73' lang='lat'>3!</span> 
     </span>
    </p>
   </div>
   <div class='ocr_carea' id='block_1_5' title="bbox 0 0 1964 6467">
    <p class='ocr_par' dir='ltr' id='par_1_7' title="bbox 0 0 1964 6467">
     <span class='ocr_line' id='line_1_37' title="bbox 0 0 1964 6467; baseline 0 0"><span class='ocrx_word' id='word_1_285' title='bbox 0 0 1964 6467; x_wconf 95' lang='lat' dir='ltr'> </span> 
     </span>
    </p>
   </div>
  </div>
 </body>
</html>
