3917 6467
431 1086 497 1155 aaa
759 1078 1195 1164 murcomannum.

428 1241 481 1341 a
496 1241 696 1346 δεχομένων
712 1238 750 1319 a
767 1237 1184 1344 mamma
1200 1241 1337 1341 rem
1354 1271 1493 1343 aaa

428 1371 1496 1476 μετόὐπολῦδέκαὶἈνιιηονονκατῶπαέκδιόκειμαχη

427 1510 635 1610 Ἀντίγονος
652 1504 691 1586 δὲ
708 1503 936 1610 προσφυγὸν
947 1505 1094 1612 Ἡρόδη
1114 1510 1187 1607 (ωε.
1200 1504 1361 1612 Ὀρόδη)
1379 1512 1431 1614 τερ
1445 1513 1500 1585 τόν

431 1642 589 1744 Πάρθων
615 1647 768 1731 βασιλεῖ
789 1637 848 1719 διὰ
872 1638 1040 1744 Πακόρου
1065 1649 1130 1721 τοῦ
1156 1647 1232 1721 υἱοῦ
1258 1645 1435 1740 κατῆλθεν
1460 1642 1502 1719 ἑτὶ

428 1783 568 1879 χρυσοῦ
594 1773 782 1857 ταλάντοις
809 1775 946 1877 χιλόνις.
973 1776 1033 1853 καὶ
1059 1777 1081 1853 ό
1106 1773 1171 1874 μὲν
1192 1773 1361 1878 Ἡρώδης
1387 1773 1518 1880 pedm

430 1909 630 2009 Φασαήλος
647 1908 685 1988 δὲ
701 1912 739 1986 ε’ν
756 1913 802 2011 τῇ
819 1913 919 2012 μαχῇ
936 1911 1136 2010 ἀναιρεῖται·
1182 1907 1359 2011 Ὑρκανός
1376 1906 1416 1987 δὲ
1429 1908 1501 1985 Ἀν-

429 2042 559 2151 τιγόνιρ
575 2042 754 2146 παρεδόθη
772 2042 852 2144 ζῶν·
879 2044 900 2121 ὃ
917 2041 956 2120 δὲ
970 2040 1129 2146 Πάρθοις
1141 2041 1249 2120 αὐτὸν
1265 2041 1395 2120 ἔδωκεν
1412 2040 1505 2140 ἄγειν,

429 2178 618 2277 ἄποτεμῶν
635 2180 743 2256 αὐτοῦ
762 2175 807 2255 τὰ
824 2173 909 2273 ὦτα,
927 2179 976 2259 ὡς
992 2174 1115 2275 μηκέτι
1134 2181 1266 2277 ἱερῶτο·
1292 2173 1433 2279 ᾐδέσθη
1449 2171 1506 2273 γὰρ

430 2310 538 2392 αὐτὸν
554 2316 603 2396 ὡς
621 2317 746 2390 οἰκεῖον
765 2312 979 2389 ἀποκτεῖναι.
1035 2307 1202 2410 Ἡρώδης
1225 2306 1265 2387 δὲ
1288 2304 1506 2402 {mandari

429 2577 566 2682 φεύγει·
596 2582 645 2662 ὡς
662 2581 694 2656 δ’
713 2580 755 2656 οὐ
772 2575 982 2679 προσήκατο
999 2574 1107 2655 αὐτὸν
1129 2573 1235 2682 φόβῳ
1261 2580 1335 2653 τῶν
1354 2572 1508 2675 Πάρθον,

428 2716 477 2794 εἰς
505 2709 781 2816 Ἀλεξόνδρειαν
815 2708 914 2808 παρὰ
947 2707 1185 2811 Κλεοπάτραν
1216 2711 1390 2806 ἀπῆλθεν.
1443 2702 1508 2784 Ἦν

427 2844 634 2943 Ὀλυμπιὰς
654 2846 742 2948 ρπὲ.

486 2978 704 3081 Κλεοπάτρα
739 2978 803 3059 τὸν
845 2979 1193 3078 συμβασιλεύσαιπα
1232 2978 1322 3080 αιἀᾓ
1362 2975 1510 3082 ἀδελφόν

427 3113 681 3202 ἀποκτείνασα,
714 3111 802 3215 πρὸς
835 3113 1037 3213 ἀπολογίαν
1068 3114 1126 3191 ὑπ’
1153 3112 1348 3190 Ἀντωνίου
1380 3117 1428 3194 εἰς
1455 3115 1540 3201 Κιη

428 3248 546 3325 λικίοιν
572 3253 878 3352 μεταπεμφθεῖσα,
895 3244 963 3344 τὴν
987 3249 1051 3344 τῆς
1078 3248 1189 3347 ἀρχῆς
1215 3244 1419 3340 ἐπιμέλειαν
1445 3246 1512 3325 ε’πέ-

428 3388 561 3483 τρεφεν
578 3380 739 3483 Ἡρώδῃ·
770 3385 828 3457 καὶ
856 3384 904 3461 ὡς
934 3378 1036 3458 οὐδὲν
1059 3379 1161 3484 ἠξίου
1183 3379 1429 3475 πιστεύεσθαι,
1447 3380 1510 3457 ἐστ’

428 3510 472 3589 ἂν
500 3516 661 3613 καταχθῇ
680 3516 728 3593 εἷς
755 3511 820 3609 τὴν
853 3513 977 3589 ἑαυτοῦ
1010 3510 1134 3614 ἀρχὴν,
1164 3510 1299 3611 ἔχουσα
1329 3509 1440 3590 αὑτὸν
1468 3508 1512 3615 ᾔει

428 3642 528 3746 παρὰ
544 3643 748 3723 Ἀντώνιον.
780 3649 828 3726 ὡς
846 3646 876 3721 δ’
895 3645 1043 3723 ἑαλώκει
1061 3648 1124 3742 τῆς
1142 3640 1306 3743 γυναικός
1327 3644 1443 3744 ἔρωτι,
1460 3644 1513 3722 τὸν

426 3885 527 3932 euturn
546 3877 740 3935 committitur
759 3876 900 3954 pralium,
918 3886 948 3934 et
999 3876 1159 3933 Malichum
1169 3876 1298 3932 Arabum
1313 3876 1474 3954 principem
1487 3892 1545 3933 sero

425 3954 546 4030 posthac
560 3954 638 4013 haud
649 3955 699 4014 diu
711 3956 842 4034 superior
853 3956 948 4014 factus
999 3955 1121 4022 confert,
1136 3975 1153 4011 a
1171 3975 1228 4032 quo
1244 3954 1420 4012 Parthorum
1441 3968 1513 4013 metu

425 4033 511 4109 fugat
539 4036 730 4111 Antigonum.
788 4034 845 4092 Hic
876 4034 948 4091 Par.
998 4034 1132 4112 repulsus
1147 4033 1355 4091 Alexandriam
1379 4035 1417 4092 ad
1435 4035 1513 4093 Cleo·

426 4112 542 4168 thorum
564 4132 658 4189 regem
677 4114 747 4179 adit,
762 4115 883 4189 aurique
903 4125 946 4170 ta·
998 4125 1109 4191 patram
1144 4113 1249 4171 tendit.
1299 4114 1514 4172 Numerabatur

427 4188 506 4247 lenta
524 4190 603 4248 mille
622 4192 779 4269 pollicitus,
795 4193 898 4250 Pacori
917 4213 946 4250 e·
998 4205 1069 4250 tunc
1083 4192 1234 4270 Olympiae
1253 4193 1318 4266 185.

423 4268 473 4345 jau
501 4269 552 4326 filii
577 4272 694 4329 auxiliis
717 4292 838 4349 regnum
863 4291 946 4329 recu·
1038 4271 1194 4346 Cleopatra
1220 4271 1310 4329 fratre
1338 4274 1421 4348 regni
1454 4287 1547 4344 con-25

426 4350 692 4505 petz-gautletotdes
707 4371 788 4486 velplsp
802 4350 870 4486 belli
887 4353 948 4410 vice
998 4362 1077 4487 sprtg
1089 4352 1184 4443 occiso
1194 4351 1231 4443 ad
1241 4370 1356 4486 ogulaiam
1368 4349 1514 4409 dicendam

426 4445 456 4483 ru
652 4450 703 4486 ur:
776 4451 947 4488 asaeusoc·
998 4451 1014 4487 a
1079 4442 1180 4487 ntomo
1200 4450 1231 4486 ιιι
1278 4450 1288 4485 r
1312 4450 1386 4487 cram
1409 4451 1479 4488 voca

426 4507 537 4565 cambit
550 4508 581 4564 iu
591 4449 771 4567 aciirtamine:
796 4511 947 4587 Hyrcanas
998 4511 1078 4586 regni
1094 4528 1190 4567 curam
1202 4508 1386 4566 commendat
1398 4442 1514 4575 Herodi

426 4586 497 4643 Anti
518 4608 576 4644 ono
606 4588 691 4646 vivus
718 4589 861 4647 traditur:
900 4589 947 4647 hic
998 4590 1046 4665 qui
1062 4590 1098 4646 ab
1110 4609 1146 4646 ea
1159 4587 1230 4645 nihil
1250 4588 1379 4645 obtinuit
1397 4609 1456 4666 quo
1474 4608 1513 4644 re·

427 4607 569 4723 mutilatis
583 4667 646 4742 ejus
660 4668 777 4725 auribus
799 4689 835 4726 ne
853 4688 947 4727 sacer-
998 4669 1153 4728 duceretur
1176 4668 1206 4724 in
1227 4687 1367 4744 regnum:
1394 4689 1430 4726 eo
1451 4668 1514 4725 sun
1519 4685 1549 4742 30

426 4742 508 4800 dotio
528 4745 699 4823 fungeretur
719 4747 843 4825 amplius
865 4755 947 4820 (oon.
998 4749 1066 4806 inde
1091 4748 1144 4804 viae
1167 4747 1273 4805 comite
1296 4746 1335 4804 ad
1356 4746 1513 4804 Antonium

426 4824 616 4901 sanguineum
639 4826 716 4883 enim
737 4827 879 4903 perimere
897 4847 947 4885 ve.
997 4827 1199 4906 proficiscitur.
1239 4826 1295 4884 Ille
1309 4826 1439 4885 mulieris
1453 4846 1512 4903 cap

426 4901 501 4961 ritus
523 4908 582 4977 est)
610 4904 784 4962 Parthorum
809 4907 947 4984 potestati
998 4919 1046 4965 tua
1068 4907 1210 4964 illecebris
1232 4905 1379 4964 Herodem
1401 4905 1438 4964 ad
1458 4906 1511 4963 οο·

427 4983 575 5061 captivum
602 4983 700 5042 tradit.
758 4986 889 5044 Herodes
916 5006 947 5043 a·
997 4989 1107 5045 tarium
1135 4986 1230 5043 misit:
1263 4986 1314 5062 qui
1342 4996 1406 5043 tum
1431 4984 1511 5041 Anti·

427 5061 515 5122 misao
529 5082 618 5140 regno
633 5064 757 5141 primum
774 5066 890 5140 quidem
910 5065 945 5123 ad
997 5068 1072 5144 patri
1087 5064 1211 5124 Herodis
1230 5065 1359 5143 parentia
1377 5077 1440 5124 turn
1457 5065 1509 5121 lle·
1518 5075 1546 5131 35
