3917 6467
481 1067 525 1133 64
840 1069 1216 1133 ANNOTATIONES

522 1239 561 1301 P.
575 1260 627 1316 40.
646 1239 666 1302 l.
682 1258 730 1323 13.
748 1245 809 1305 τοῖς
821 1239 862 1318 μὴ
882 1241 1017 1324 τηροῦσι]
1036 1239 1226 1324 Ampleotor
1239 1239 1495 1304 emendationem
1512 1253 1674 1322 qm*

477 1340 509 1403 in
524 1340 612 1403 libris
636 1340 773 1403 Turnebi
793 1362 830 1403 ac
851 1340 965 1405 Moraei
986 1342 1122 1405 habetur
1141 1341 1183 1405 ad
1204 1341 1388 1425 marginem,
1405 1344 1441 1405 ἐν
1459 1347 1523 1407 τοῖς
1542 1334 1675 1419 stiffi

478 1445 608 1521 τηροῦσι.
653 1440 714 1504 Est
732 1448 840 1505 autem
858 1441 909 1504 hic
927 1442 1021 1527 hujus
1041 1442 1099 1506 loci
1116 1465 1235 1507 sensus.
1279 1443 1359 1507 Oam
1378 1442 1675 1507 observantia

476 1542 608 1627 alicujus
623 1542 719 1605 moris
736 1550 769 1605 et
789 1542 1025 1607 inobservantia
1045 1544 1110 1606 sint
1130 1544 1214 1608 inter
1234 1567 1268 1608 se
1282 1546 1456 1620 contraria,
1472 1553 1675 1609 tamer-:1

478 1646 603 1729 quoties
621 1645 716 1729 isqui
740 1666 859 1708 morem
880 1645 1027 1708 observat
1048 1647 1237 1730 quempiam,
1256 1656 1402 1711 versatur
1421 1647 1510 1712 inter
1527 1668 1675 1711 ωε

477 1747 532 1832 qui
547 1748 675 1811 minime
690 1747 871 1821 observant,
885 1753 961 1809 tunc
977 1747 1046 1831 ipsa
1061 1746 1229 1811 diversitas
1244 1749 1345 1830 magis
1359 1748 1474 1813 elucet.
1510 1749 1675 1813 Hace

477 1850 630 1933 estquod
653 1851 746 1935 vulgo
769 1849 886 1912 dicitur
909 1849 941 1910 in
966 1848 1081 1912 scholis
1105 1848 1382 1933 philosophorum:
1418 1851 1675 1916 contraria-.-

472 1950 569 2037 juxta
584 1975 617 2014 se
632 1952 763 2015 invicem
778 1951 883 2037 posita
898 1951 999 2035 magis
1014 1951 1203 2014 elucescunt.
1228 1951 1393 2015 Vsnurns.
1442 1954 1671 2017 Addidit:

479 2056 605 2117 Gmtteri
620 2056 713 2117 Lecti.
731 2053 904 2128 Strothius,
920 2053 952 2115 in
973 2053 1087 2136 quibus
1103 2055 1137 2115 ἐν
1157 2059 1218 2121 τοῖς
1236 2054 1277 2132 μὴ
1300 2059 1420 2134 τηροῦσι
1440 2055 1580 2139 positum
1602 2076 1667 2115 .-

476 2155 527 2219 sit.
573 2157 764 2237 Conjectura
786 2154 918 2239 optima.
974 2154 1072 2218 Haud
1093 2177 1166 2217 vero
1188 2155 1307 2220 invenit
1330 2137 1522 2240 particulrim
1547 2160 1580 2220 ἐν
1597 2179 1666 2201 ·-

476 2258 615 2339 Rufinus,
632 2257 685 2341 qui
700 2256 745 2319 sio
761 2257 865 2332 vertit,
882 2278 949 2318 curra
964 2258 1067 2340 tutique
1081 2267 1109 2320 ct
1123 2257 1198 2341 ipsis
1215 2259 1401 2321 contrarium
1415 2259 1578 2335 videretur,
1635 2305 1662 2325 ..

476 2360 556 2444 quod
576 2381 635 2422 coa
660 2360 750 2422 etiam
774 2359 874 2420 ceteri
899 2359 1042 2421 simililer
1068 2357 1263 2423 clamarent.
1309 2361 1405 2423 Anne
1429 2382 1507 2445 ergo
1534 2361 1579 2424 ita
1618 2396 1662 2412 -

476 2461 668 2547 supplendus
683 2459 993 2543 sensum-quamvis
1006 2458 1196 2523 observantia
1212 2462 1310 2545 manis
1326 2463 1484 2526 aarum
1497 2462 1578 2526 oido-
1651 2494 1660 2499 ·

477 2561 566 2626 batur
586 2583 645 2625 aaa
667 2558 894 2636 oberrantibus,
911 2581 1005 2643 quam
1029 2562 1191 2646 neglectus
1209 2563 1306 2626 moris
1327 2563 1576 2628 observantibus

478 2663 540 2727 Sed
557 2663 633 2726 nihil
648 2663 780 2725 affinno.
820 2661 959 2724 Verbum
975 2668 1095 2742 τηροῦσι
1110 2663 1261 2749 Scaligeri
1279 2664 1349 2727 MS.
1368 2664 1483 2728 omisit.

522 2764 715 2841 Ibid.l.14.
744 2762 962 2841 ἀπεβλήθησαιι
989 2764 1079 2847 τινες]
1112 2763 1245 2827 Rufinus
1270 2763 1352 2828 hane
1374 2786 1484 2828 vocem
1508 2765 1574 2849 plu-

477 2867 564 2929 ribus
579 2865 681 2928 verbis
697 2865 854 2947 exposuit,
870 2886 940 2948 quae
955 2864 1064 2927 scholii
1081 2865 1179 2928 vicem
1196 2874 1362 2949 praestant.
1408 2867 1577 2950 Nmsquom

476 2978 576 3030 tamea
597 2965 630 3029 ob
652 2966 704 3029 lucc
723 2966 836 3049 repulsi
855 2975 924 3028 suat
942 2965 980 3028 ob
1001 2965 1127 3028 oeclceiae
1141 2967 1286 3043 suediam,
1300 2977 1355 3030 cat
1374 2969 1521 3032 measa
1540 2967 1577 3031 ol

476 3068 541 3133 illis
551 3067 693 3152 partilem
707 3089 765 3130 aaa
779 3077 848 3130 suat
862 3068 997 3152 suscepti.
1021 3066 1212 3145 ἀποβάλλειν
1226 3068 1324 3152 igitur
1335 3069 1398 3132 duo
1409 3069 1575 3154 signifieat,

476 3178 534 3232 aut
554 3169 667 3251 ejicere
686 3169 728 3231 ab
748 3167 890 3242 ecclesia,
907 3189 977 3250 quae
999 3167 1193 3251 frequentior
1213 3168 1400 3252 significatio
1414 3180 1475 3246 est,
1491 3181 1529 3235 ut
1545 3170 1577 3233 iu

477 3269 582 3354 capite
608 3268 719 3331 ultimo
746 3268 839 3350 hujus
868 3267 957 3338 libri;
993 3276 1051 3331 aut
1080 3269 1207 3332 omnino
1237 3291 1299 3332 non
1327 3271 1500 3335 admittere
1528 3293 1577 3335 ve-

477 3371 626 3434 nientem.
654 3368 817 3430 Vucnsrns.
863 3369 1018 3432 Eruditus
1042 3370 1260 3435 Tillemontius
1281 3372 1391 3436 tomii.
1413 3395 1486 3457 pag.
1502 3375 1576 3454 460.

477 3470 592 3534 ceteris
600 3468 744 3533 Victoris
756 3470 971 3533 decessoribus
982 3470 1034 3534 hic
1048 3471 1090 3534 ab
1104 3473 1227 3535 Irenaeo
1238 3473 1421 3536 memoratis
1433 3473 1578 3537 Soterem

477 3581 511 3637 et
526 3572 733 3635 Eleutherum
752 3571 822 3634 ideo
843 3595 905 3634 non
927 3573 1058 3657 adjungi
1073 3573 1263 3658 suspicatur,
1280 3575 1355 3658 quia
1374 3574 1419 3637 illi
1441 3575 1577 3659 primum

479 3675 615 3738 Asianos
630 3674 661 3736 in
677 3674 755 3736 urbe
777 3676 881 3737 Roma
896 3675 1098 3738 ecclesiarum
1118 3697 1248 3739 suarum
1262 3696 1349 3738 more
1364 3675 1484 3759 pascha
1499 3674 1577 3740 cele·

477 3777 570 3842 brare
592 3775 819 3860 prohibuerint.
865 3777 910 3839 Et
930 3778 1092 3861 probabile
1107 3778 1233 3862 quidem
1257 3786 1316 3853 est,
1332 3778 1578 3841 controversiam

477 3879 517 3943 de
527 3880 646 3964 paseha
658 3879 828 3940 Anicetum
844 3877 928 3942 iuter
938 3886 970 3941 et
982 3879 1191 3962 Polycarpum
1206 3886 1356 3963 emptam,
1367 3877 1451 3940 inter
1461 3879 1578 3942 utrius-

478 4003 538 4064 que
553 4000 747 4042 successores
767 3964 920 4061 paulatim
935 3978 1036 4061 magis
1057 4001 1095 4041 ac
1116 3979 1216 4062 magis
1231 3979 1395 4042 exarsisse.
1441 3978 1578 4058 Quodsi

478 4081 526 4144 ita
547 4090 607 4153 est,
623 4103 724 4163 neque
747 4079 957 4162 respuendum
979 4079 1040 4142 crit
1063 4081 1147 4164 quod
1170 4080 1258 4144 Beda
1280 4087 1313 4143 et
1335 4080 1411 4143 Ado
1433 4083 1578 4159 tradant,

478 4182 641 4245 decretum
655 4181 697 4243 ab
713 4181 888 4244 Eleuthero
903 4182 942 4244 de
958 4182 1077 4265 pascha
1091 4181 1223 4257 editum,
1238 4183 1322 4266 quod
1340 4181 1453 4245 Victor
1463 4183 1578 4246 confir-

478 4283 574 4346 marit
584 4307 593 4358 ;
616 4289 735 4346 etcum
756 4282 867 4344 eadem
890 4283 1076 4366 exceptione
1096 4282 1334 4367 intelligendum
1353 4283 1413 4347 erit
1434 4284 1520 4369 quod
1540 4285 1579 4348 de

480 4384 620 4448 Victoris
646 4384 862 4447 decessoribus
885 4384 1061 4467 generatim
1086 4384 1213 4458 dicitur,
1233 4407 1287 4448 eos
1311 4385 1460 4447 nimirum
1483 4386 1580 4450 eccle-

478 4486 595 4549 siarum
626 4484 828 4568 presbyteris,
859 4485 912 4567 qui
943 4485 1036 4547 aliter
1064 4485 1183 4568 pascha
1212 4486 1434 4559 observabant,
1465 4487 1577 4550 eucha·

479 4587 601 4650 ristiam
616 4587 836 4650 transmisisse.
863 4589 1036 4648 Cousrsur.
1084 4588 1131 4649 At
1151 4608 1226 4649 vcro
1240 4587 1369 4650 obstare
1384 4587 1518 4663 videtur,
1539 4610 1579 4651 ne

479 4690 554 4773 quid
567 4689 671 4752 Soteri
686 4695 782 4772 atque
792 4687 966 4750 Eleuthero
978 4687 1149 4772 affingatur
1158 4710 1178 4751 a
1189 4689 1430 4752 mansuetudine
1438 4689 1580 4772 priorum

479 4790 696 4874 episcoporum
721 4788 891 4862 diversum,
916 4786 948 4849 id
974 4789 1058 4870 quod
1088 4789 1128 4851 de
1154 4789 1299 4852 universa
1325 4811 1403 4873 pace
1432 4789 1465 4851 in
1493 4789 1579 4870 ῥήσει

479 4890 642 4975 superiore
668 4889 820 4973 scriptum
847 4897 915 4961 est;
946 4888 1007 4952 etsi
1032 4889 1172 4952 nonnihil
1197 4891 1236 4953 de
1260 4891 1384 4953 duobus
1413 4890 1499 4954 hisce
1524 4913 1580 4954 an·

480 4992 608 5056 tistibus
634 4991 667 5053 in
690 4998 781 5074 parte
804 4990 984 5053 litterarum
1008 5013 1178 5075 suppressa
1198 4993 1321 5055 loeutus
1344 5014 1413 5056 esse
1437 4994 1578 5057 Irenoeus

479 5093 613 5158 videtur.
655 5093 718 5157 Sed
740 5092 874 5156 forsitan
897 5092 968 5168 erit,
992 5103 1029 5155 ut
1055 5115 1094 5156 ex
1120 5094 1261 5158 hocloco
1286 5116 1358 5157 cum
1381 5095 1494 5179 majori
1514 5094 1577 5158 veri
