3917 6467
438 1089 505 1154 ³78
819 1086 1172 1154 ANNOTATIONES

439 1253 526 1316 nium
536 1272 692 1317 annornm
702 1252 851 1331 oolleetie,
861 1253 991 1318 inventi.
1019 1254 1515 1337 Pmetentieeimumetnunquun

439 1356 518 1419 entis
540 1355 705 1419 laudatum
728 1363 969 1420 monumentum
990 1356 1119 1419 eudem
1139 1354 1285 1440 appellet
1306 1354 1442 1439 Seeliger
1460 1355 1519 1416 Pro

438 1451 552 1539 legum.
564 1456 596 1519 in
611 1455 740 1520 Eueebii
754 1456 904 1520 Ulmum
919 1455 971 1519 iol
983 1476 1013 1540 3.
1047 1455 1170 1539 Aitque
1184 1455 1235 1519 vir
1249 1455 1288 1520 el.
1300 1454 1441 1520 Joennee
1451 1455 1520 1519 liu·

438 1556 568 1621 ehnmue
581 1557 672 1621 initio
687 1557 756 1644 ipen
769 1557 912 1622 Otroniei
926 1557 975 1621 sui
990 1556 1129 1629 nme,
1146 1556 1329 1641 “quiequid
1343 1555 1522 1641 supellectili

439 1667 458 1695 “
474 1659 568 1721 hodio
594 1666 738 1743 superest
762 1660 804 1724 nd
830 1659 1055 1723 ineteurnndne
1080 1657 1312 1744 AEgyptiorum
1339 1658 1479 1743 origines,
1499 1656 1522 1720 id

439 1766 458 1796 “
474 1759 540 1823 lere
561 1766 666 1823 totum
689 1760 796 1824 deberi
819 1759 993 1844 Synoollo.”
1037 1758 1200 1843 Syneellne
1222 1779 1352 1843 nempe,
1374 1768 1524 1843 poetquun

437 1860 587 1924 nonnulle
608 1884 649 1925 ex
668 1862 768 1926 veteri
790 1862 929 1946 quodum
943 1860 1099 1927 Ohronieo
1120 1860 1302 1945 deeumptn,
1319 1858 1525 1924 Eratostheni

437 1958 626 2044 (intelogum
652 1961 876 2025 Thebanorum
901 1983 1023 2046 regum,
1047 1960 1224 2044 seriemque
1253 1980 1368 2044 regum
1390 1957 1524 2043 AEgypti

436 2062 520 2124 unde
543 2063 627 2124 unde
652 2062 747 2126 istum
773 2062 926 2137 hauserit,
941 2061 1042 2137 dedit,
1056 2060 1232 2145 Dynnetine
1253 2059 1353 2124 heeoe
1366 2059 1525 2145 AEgyptiu

436 2183 476 2225 ex
494 2162 637 2225 Airioeni
653 2163 844 2247 Eusebiique
859 2163 1006 2248 operibus
1026 2161 1180 2225 exhibuit.
1226 2161 1350 2224 Verum
1367 2160 1524 2224 luculenter

435 2262 576 2327 ostendit
591 2263 628 2327 el.
640 2264 823 2327 Perizonius
837 2264 870 2327 in
883 2264 1112 2349 lnoeetipotione
1122 2262 1354 2346 &mierum
1368 2261 1522 2344 Ovioim

435 2383 531 2448 qunm
546 2364 612 2428 fere
626 2365 732 2428 omnin
752 2365 784 2427 in
805 2365 854 2428 his
874 2365 1029 2450 catalogis
1048 2371 1217 2428 ooeurrent
1238 2363 1383 2435 turbote,
1399 2362 1520 2433 eonfuee.

434 2477 593 2545 eorrupte‚
609 2469 643 2526 et
657 2464 829 2548 eaepiesime
844 2486 864 2527 n
878 2486 913 2527 ee
928 2463 1005 2548 ipeie
1018 2470 1053 2527 et
1072 2462 1204 2525 invieem
1224 2460 1451 2545 dieorepnntin,
1463 2480 1521 2523 eun

434 2563 467 2625 in
483 2584 593 2647 regum
613 2564 792 2628 nominibus
811 2574 845 2629 et
859 2566 939 2629 serie
956 2573 990 2630 et
1004 2564 1105 2639 ennio,
1121 2573 1191 2628 tum
1204 2563 1238 2625 in
1253 2584 1410 2626 annorum
1428 2560 1520 2624 oollee·

434 2671 541 2726 torum
564 2664 714 2740 eummie3
743 2665 838 2748 idque
863 2686 920 2750 per
944 2686 1093 2750 magnam
1117 2663 1222 2748 operis
1248 2663 1297 2726 eui
1320 2670 1445 2747 purtem
1465 2682 1519 2745 pen

434 2773 571 2841 eeoutue,
586 2765 785 2849 potissimum
801 2767 833 2829 in
847 2766 953 2850 eapite
967 2774 1084 2851 quarto
1098 2786 1166 2828 rem
1180 2763 1223 2828 ob
1237 2764 1349 2828 oeulos
1368 2763 1521 2828 leetoribuu

434 2865 519 2929 olnre
533 2868 707 2951 proposuit.
753 2869 817 2932 Sed
837 2870 877 2932 de
896 2869 946 2931 hie
966 2869 1061 2932 rebue
1081 2867 1183 2931 multe
1201 2866 1329 2929 erudite
1349 2874 1444 2950 utque
1462 2864 1520 2928 enh

434 2966 535 3030 tiliter
549 2970 643 3031 eaued
657 2970 866 3034 eruendorum
883 2970 1110 3054 AEgyptinrum
1128 2965 1363 3051 antiquitatum
1379 2968 1426 3032 vel
1442 2967 1521 3030 hodie

434 3067 591 3152 disputari
612 3070 703 3134 solet.
742 3070 825 3133 Mihi
840 3092 914 3133 vero
936 3070 969 3132 id
992 3069 1129 3133 maxime
1147 3068 1181 3131 in
1200 3068 1308 3132 animo
1328 3069 1399 3146 fuit,
1412 3076 1448 3132 ut
1463 3069 1521 3131 Mo

434 3166 581 3229 nethonie
602 3168 788 3251 Dynnetine,
803 3168 914 3253 quoles
931 3168 973 3231 eb
989 3167 1144 3230 Airieuno
1162 3166 1238 3230 olim
1255 3166 1288 3230 in
1305 3166 1462 3232 Chronioo
1474 3186 1521 3229 eno

433 3267 583 3331 exhibitae
603 3268 748 3344 inissent,
771 3269 885 3332 oeterie
909 3268 1050 3353 ejusdem
1073 3267 1223 3332 Chronioi
1244 3269 1435 3354 fragmentis
1455 3268 1520 3352 edji

433 3389 545 3431 eorem.
591 3371 732 3454 Cumque
751 3372 793 3434 nd
815 3370 1045 3434 Muneth‹mem
1066 3371 1232 3454 Dynestiae
1253 3370 1315 3434 illae
1338 3374 1381 3436 ab
1398 3371 1522 3434 Eusebio

432 3469 570 3533 eolleotoe
586 3472 707 3554 puriter
721 3473 926 3555 pertinerent,
942 3493 997 3536 eae
1011 3493 1083 3534 oum
1098 3472 1147 3534 hie
1161 3471 1306 3535 Afrieuni
1328 3472 1524 3536 conferendae

431 3592 500 3634 esee
515 3572 632 3648 censui,
648 3580 685 3635 nt
700 3595 740 3635 ex
755 3572 864 3636 ulteris
879 3573 999 3645 alterne,
1016 3573 1043 3635 ei
1058 3573 1125 3636 fieri
1141 3580 1260 3656 potest,
1275 3572 1483 3637 emendentur
1492 3594 1522 3636 no

431 3670 639 3754 corrigantur,
656 3672 771 3755 quippe
792 3693 862 3756 quae
884 3672 970 3757 apud
991 3672 1162 3756 Georgium
1182 3671 1271 3734 illum
1290 3673 1469 3756 Syneellum
1486 3673 1521 3736 td

430 3781 508 3835 terae
522 3773 631 3836 ulteris
646 3775 830 3848 succedunt,
847 3782 880 3838 et
898 3797 918 3838 a
934 3774 1094 3858 Senligero
1113 3783 1256 3858 utraeque
1277 3797 1317 3838 ex
1335 3776 1522 3860 Synoellieno

430 3896 535 3957 opere,
551 3882 723 3959 antequem
738 3875 770 3938 id
786 3877 870 3960 typis
885 3898 905 3939 e
917 3878 1024 3940 Goaro
1038 3878 1224 3940 mundatum
1239 3886 1321 3953 erut,
1332 3878 1367 3940 in
1383 3879 1524 3941 Thesauro

430 3997 487 4038 sno
506 3977 683 4059 Tenpooum-
699 3975 871 4039 Eusebiono
886 3998 949 4038 non
964 3999 1028 4039 uno
1043 3984 1169 4040 tantum
1183 3977 1253 4040 loeo
1268 3977 1434 4043 eolloeetae
1447 3995 1522 4042 eunt.

430 4076 570 4139 Msstos
590 4077 785 4140 Purisienees
806 4077 939 4161 Syneelli
959 4086 1063 4154 tneeo,
1079 4079 1119 4141 de
1138 4078 1252 4161 quibus
1272 4100 1368 4162 supra
1393 4080 1426 4143 in
1448 4080 1525 4144 notio

429 4177 478 4260 egi
494 4177 535 4239 nd
551 4177 675 4240 initium
690 4177 785 4260 hujus
800 4177 946 4241 Chronioi
961 4200 991 4261 p.
1007 4198 1026 4261 3
1029 4180 1083 4261 58.
1128 4179 1183 4240 Ad
1198 4179 1266 4241 haeo
1282 4201 1386 4263 neque
1403 4180 1522 4244 Eusebi

428 4278 586 4343 Chronico
600 4302 620 4342 n
636 4280 666 4343 S.
685 4280 881 4363 Hieronymo
893 4281 1009 4344 Lutine
1024 4302 1115 4344 verso
1129 4281 1263 4365 neglexi,
1275 4281 1308 4344 in
1323 4283 1441 4366 quibus
1455 4306 1524 4347 non-

428 4377 521 4441 nullae
537 4379 663 4461 quidem
678 4380 790 4443 harum
800 4380 1029 4462 Dynnetinrum
1040 4380 1109 4443 eitae
1124 4388 1217 4453 sunt;
1234 4403 1338 4464 neque
1350 4384 1523 4468 fragmento

427 4479 596 4563 posthabui
621 4480 837 4555 hlanethonie‚
861 4502 931 4564 quae
957 4481 1094 4544 servavit
1116 4480 1277 4564 Josephue
1299 4481 1332 4543 in
1355 4483 1410 4547 lib.
1428 4485 1524 4568 primo

427 4579 541 4662 Operis
556 4580 604 4642 sui
621 4583 737 4643 Contra
751 4581 901 4665 Apioeem
915 4604 966 4644 res
984 4583 1149 4665 Dynnetiee
1164 4582 1293 4647 deeimae
1309 4592 1433 4649 ootnvae
1447 4608 1523 4649 oom-

425 4679 607 4768 pleotentia‚
619 4703 752 4764 eumque
768 4681 911 4745 Asrienni
926 4682 1105 4745 nominibus
1119 4691 1216 4767 etque
1230 4684 1323 4747 annin
1334 4686 1522 4770 singulomm

426 4803 537 4866 rogum
559 4783 639 4845 entis
660 4782 740 4845 bene
760 4783 988 4847 convenientia.
1034 4786 1112 4865 Quae
1132 4785 1259 4869 quidem
1278 4788 1410 4852 nomine
1433 4797 1524 4873 etque

426 4903 527 4946 annon
550 4883 634 4947 sistit
654 4905 694 4946 ex
709 4882 852 4967 Joeepho
871 4883 1042 4948 lectoribus
1062 4886 1128 4950 euis
1149 4886 1182 4949 S.
1198 4886 1395 4971 Theophilus
1415 4891 1521 4953 Antio

426 4983 545 5049 chenne
568 4984 600 5046 in
624 4983 678 5049 lib.
698 4985 741 5047 iii.
762 4985 806 5048 od
824 4987 1013 5068 Autolycum,
1029 4988 1085 5050 sed
1111 4988 1259 5051 mendose
1284 4971 1458 5053 admodum
1482 4991 1520 5053 ibi

426 5105 508 5149 nuno
529 5084 707 5151 existentia.
753 5086 830 5165 Quae
853 5094 961 5151 eutem
986 5109 1096 5172 regum
1120 5089 1216 5152 serien
1239 5091 1326 5175 apud
1351 5091 1520 5174 Syneellum
