3917 6467
476 1089 541 1155 ara
800 1085 1048 1164 nnnrourn
1075 1085 1252 1148 suanm

475 1255 539 1351 τῆς
559 1252 725 1365 Ἀττικῆς
744 1251 1010 1355 ιιιννονναφιίις
1039 1247 1309 1351 ἀριθμουμένης,
1326 1245 1400 1329 ἀπὸ
1417 1248 1578 1350 'stultu

475 1395 540 1467 τοῦ
566 1392 652 1489 παρ’
671 1387 812 1511 ἐκείνοις
842 1384 1059 1490 αὐτόχθονος
1086 1382 1348 1479 πιστευθέντος,
1366 1384 1423 1488 ἐφ’
1445 1382 1489 1462 οὗ
1514 1382 1574 1483 γέ·

476 1557 581 1625 γονεν
600 1523 621 1601 ὁ
639 1521 750 1623 μέγας
769 1525 826 1601 καὶ
844 1527 986 1625 πρῶτος
1008 1522 1046 1600 έν
1071 1525 1116 1624 τῇ
1137 1525 1285 1624 Ἀττικῇ
1310 1515 1578 1617 κατακλυσμὸς,

476 1658 670 1761 Φορωνέως
687 1658 861 1760 Ἀργείων
890 1655 1160 1753 βασιλεύοντος,
1180 1657 1227 1739 ὡς
1244 1655 1488 1738 Ἀκουσίλαος
1516 1659 1575 1732 ἱσ-

476 1802 581 1898 τορεῖ,
617 1793 721 1899 μέχρι
757 1794 901 1897 πρώτης
940 1792 1199 1891 Ὀλυμπιάδος,
1237 1789 1367 1871 ὁπόθεν
1394 1789 1603 1891 Ἕλληνεςε

475 1932 645 2033 ἀκριβοῦν
668 1928 750 2012 τοὺς
775 1927 924 2033 χρόνους
948 1926 1129 2026 ἐνόμισαν,
1159 1928 1220 2028 έτη
1251 1925 1447 2029 συνάγεται
1478 1928 1580 2032 χίλια

477 2064 622 2145 εἴκοσιν.
656 2067 704 2148 ὡς
729 2065 799 2163 (for.
820 2062 855 2171 b)
877 2067 947 2143 καὶ
978 2070 1053 2147 τοῖς
1083 2063 1347 2165 προειρημένοις
1376 2067 1578 2169 συμφωνεῖ,

480 2201 550 2299 (tor.
569 2207 793 2306 συμφωνεῖν)
815 2203 873 2278 καὶ
890 2206 963 2281 τοῖς
987 2197 1071 2303 ἑξῆς
1095 2195 1334 2301 δειχθήσεται.
1368 2206 1482 2277 ταῦτα
1507 2193 1579 2299 γὰρ

479 2339 602 2432 (θοτιοῖ
624 2332 671 2414 τὰ
696 2350 819 2412 addend.
834 2349 892 2409 vid.
908 2341 986 2438 not.)
1005 2333 1207 2433 Ἀθηναίων
1229 2338 1466 2435 ἱστοροῦντες,
1483 2333 1575 2413 Ἑλ·

477 2468 623 2553 λάνικός
639 2503 679 2549 τε
697 2471 755 2548 καὶ
774 2466 975 2573 Φιλόχορος
994 2473 1027 2547 oi
1047 2470 1119 2567 (for.
1139 2471 1174 2569 ὁ)
1201 2466 1265 2552 τὰς
1282 2469 1464 2563 Ἀτθίδας,
1483 2467 1520 2547 οἵ
1539 2501 1578 2548 τε
1591 2492 1620 2532 ¹⁰

479 2604 525 2685 τὰ
544 2605 655 2709 Σύρια
675 2602 837 2707 Κάστωρ
855 2606 914 2683 καὶ
932 2602 1095 2699 Θαλλὸς,
1113 2605 1172 2683 καὶ
1192 2604 1264 2701 (for.
1284 2607 1343 2682 καὶ
1361 2604 1398 2707 ὁ)
1417 2600 1465 2683 τὰ
1482 2601 1574 2683 πόν-

478 2773 551 2820 των
578 2738 761 2840 Διόδωρος
791 2739 812 2816 ὁ
844 2735 909 2821 τὰς
939 2737 1187 2838 βιβλιοθήκας,
1219 2735 1464 2845 Ἀλέξανδρός
1492 2773 1531 2818 τε
1558 2740 1578 2815 ὁ

481 2873 711 2975 Πολυΐστωρ,
731 2873 793 2952 καί
806 2905 898 2956 τινες
918 2873 989 2970 (for.
1010 2872 1148 2979 οἵτινες)
1169 2880 1241 2952 τῶν
1260 2874 1336 2952 καθ
1356 2873 1450 2971 ἡμᾶς
1475 2876 1574 2975 ἀκρι-

477 3007 653 3108 βέοτερον
671 3004 907 3105 ἐμνήσθησαν
925 3009 983 3085 καὶ
1001 3012 1073 3086 τῶν
1086 3008 1262 3086 Ἀττικῶν
1280 3003 1461 3087 ἁπάντων.
1483 3007 1579 3089 εἴτις

480 3143 543 3222 οὖν
560 3146 597 3221 ἐν
616 3149 689 3225 τοῖς
707 3142 836 3245 χιλίοις
854 3140 989 3220 εἴκοσιν
1007 3141 1124 3220 έτεσιν
1142 3144 1315 3243 ἐπίσημος
1335 3142 1477 3246 ἱστορία
1494 3176 1578 3245 τυγ-
1592 3173 1620 3230 15

479 3277 589 3384 χᾶνει,
609 3275 759 3357 κατὰτὸ
777 3275 956 3380 χρήσιμον
974 3278 1219 3379 έκλεγήσεται.

525 3425 582 3486 Καὶ
595 3426 670 3501 μετὰ
683 3423 804 3505 βραχέα
819 3423 961 3504 ἐπιλέγει·
1001 3412 1125 3511 Φαμὲν
1143 3414 1260 3493 τοίνυν
1279 3413 1317 3493 dit
1335 3448 1377 3515 γε
1396 3418 1497 3492 τοῦδε
1517 3421 1581 3492 τοῦ

479 3542 776 3647 συγγράμματος,
796 3542 972 3648 Ὤγυγον,
995 3547 1033 3632 ὃς
1059 3559 1122 3629 τοῦ
1151 3549 1297 3652 πρώτου
1321 3557 1580 3647 κατακλυσμοῦ

481 3770 627 3850 signandis
652 3771 840 3849 temporibus,
855 3770 879 3829 si
893 3770 1003 3830 Atticas
1054 3784 1132 3842 sunt,
1157 3774 1266 3852 quique
1290 3775 1422 3854 gentium
1448 3777 1578 3834 omniurn

481 3852 715 3929 chronographiae
727 3853 866 3909 rationem
876 3852 957 3929 sequi
968 3853 1004 3909 li.
1054 3854 1204 3913 historiam
1219 3856 1248 3912 in
1270 3855 1475 3915 bibliothecam
1498 3876 1579 3915 suam
1591 3875 1625 3912 no

480 3934 548 3997 beta
570 3933 607 3991 ab
631 3932 744 4011 Ogyge,
765 3951 851 4010 quem
875 3931 1003 3991 indidem
1055 3935 1174 3993 inclusit
1192 3936 1349 4005 Diodorus,
1365 3946 1395 3995 et
1409 3935 1581 3996 Alexander

481 4024 575 4072 satum
591 4032 653 4071 esse
667 4011 798 4077 credunt,
814 4013 868 4071 sub
883 4032 941 4089 quo
958 4014 1004 4070 in.
1057 4015 1224 4094 Polyhistor
1263 4017 1408 4075 memoriae
1442 4016 1580 4096 prodide-

480 4113 552 4171 gens
566 4092 639 4151 illud
654 4093 838 4171 primumque
849 4092 1005 4159 diluvium,
1055 4107 1142 4154 runt:
1166 4116 1288 4173 quorum
1312 4097 1409 4164 etiam,
1431 4118 1448 4156 e
1473 4097 1581 4156 nostris

481 4183 620 4252 regnante
644 4172 732 4250 Argis
758 4172 923 4239 Phoroneo,
946 4172 1004 4232 At·
1055 4187 1194 4255 praterea
1228 4176 1372 4246 nonnulli,
1408 4177 1581 4255 diligentius

481 4254 567 4313 ticam
583 4253 720 4311 invasisse
735 4251 890 4312 Acusilaus
904 4265 1005 4312 auctor
1055 4277 1140 4334 quam
1160 4257 1255 4316 Attici
1278 4277 1387 4326 omnes,
1402 4258 1580 4317 accuratius·
1591 4274 1624 4331 25

481 4345 535 4403 est,
564 4334 599 4391 ad
628 4334 748 4410 primam
781 4352 872 4409 usque
900 4332 1003 4412 Olym·
1055 4357 1112 4414 que
1130 4338 1296 4396 meminere.
1339 4339 1453 4416 Itaque.
1470 4338 1494 4397 si
1514 4358 1580 4415 quas

481 4414 605 4493 piadem,
628 4412 706 4472 unde
727 4412 821 4471 Graeci
841 4426 1003 4472 accuratam
1055 4417 1135 4475 mille
1152 4437 1185 4475 ac
1200 4418 1304 4496 viginti
1323 4438 1464 4477 annorum
1485 4420 1581 4495 spatio

480 4494 534 4553 sibi
550 4505 712 4573 temporum
725 4494 826 4552 seriem
842 4493 1002 4552 ducendam
1055 4498 1142 4577 paulo
1154 4497 1295 4575 insignior
1305 4510 1436 4557 occurret
1446 4499 1580 4565 historia,

480 4586 667 4651 putaverunt,
682 4574 750 4632 anni
765 4573 944 4650 colliguntur
960 4575 1001 4631 vi·
1054 4599 1117 4636 eam
1132 4577 1282 4636 commode
1296 4600 1350 4637 suo
1360 4578 1424 4638 loco
1434 4579 1579 4638 dabimus.

480 4655 555 4733 ginti
570 4675 657 4733 supra
675 4654 772 4723 mille;
795 4655 844 4731 qui
866 4674 1004 4713 numerus
1091 4659 1218 4731 Idemque
1233 4662 1324 4730 paucis
1338 4661 1491 4732 interjectis,
1515 4658 1579 4717 Vo-
1590 4678 1626 4734 30

480 4746 510 4794 et
524 4756 589 4794 cum
601 4735 798 4813 superioribus
808 4735 918 4812 optime
935 4755 1003 4793 con·
1055 4736 1152 4793 lumus
1163 4735 1262 4813 igitur,
1272 4740 1367 4811 inquit,
1379 4736 1479 4815 scripti
1491 4739 1579 4797 etiam

373 4849 375 4853 ·
480 4818 569 4893 gruit,
591 4826 677 4873 etex
699 4815 881 4891 sequentium
907 4813 1004 4873 decla-
1055 4816 1143 4891 hujus
1157 4816 1330 4873 auctoritate
1350 4817 1428 4885 freti,
1444 4818 1578 4896 Ogygem

481 4898 592 4955 ratione
620 4895 774 4954 constabit.
822 4894 895 4952 Haec
925 4895 1002 4952 enim
1054 4896 1208 4972 illum,qui
1224 4895 1302 4972 quod
1312 4896 1423 4955 haustis
1437 4916 1578 4974 aquarum

482 4976 654 5035 Hellanicus
678 4986 709 5033 et
733 4973 933 5039 Philochorus,
952 4977 1002 5052 qui
1054 4977 1082 5033 vi
1107 4974 1337 5053 quamplurimis,
1359 4976 1457 5035 salvus
1477 4990 1508 5036 et
1534 4980 1579 5036 in·

481 5077 527 5114 res
548 5057 672 5123 Atticas,
696 5056 824 5132 itemque
849 5056 952 5113 Castor
973 5067 1003 5114 et
1054 5056 1176 5114 columis
1198 5068 1334 5121 evaserat,
1351 5056 1444 5135 primo
1465 5057 1624 5137 diluvi035

479 5135 610 5200 Thallus,
623 5137 672 5213 qui
689 5134 822 5213 Syriacas
834 5137 1002 5213 prosequuti
1055 5156 1159 5194 nornen
1175 5136 1265 5200 dedit,
1277 5136 1352 5195 circa
1366 5148 1483 5215 tempus
1494 5138 1579 5204 illud,
