3917 6467
425 1105 490 1173 494
800 1100 1181 1165 ANNOTATIONES

424 1269 474 1333 nis
497 1275 573 1332 ante
596 1275 732 1331 mortem
755 1268 824 1352 ejus
848 1268 983 1350 triginta
1006 1273 1041 1330 et
1062 1288 1136 1330 uno.
1187 1263 1405 1328 Nihilominus
1427 1274 1520 1330 mmm

425 1370 590 1435 latendum
609 1369 668 1432 hoo
691 1377 753 1442 est,
774 1369 800 1432 si
821 1369 916 1432 modo
936 1390 1043 1433 veram
1066 1367 1264 1432 sententiam
1281 1366 1450 1430 verborum
1462 1368 1521 1452 ejus

424 1481 581 1558 praeetent
605 1472 658 1536 alii
683 1480 806 1535 veteres
830 1471 1014 1556 scriptores,
1038 1470 1137 1534 videri
1162 1469 1361 1533 Afrieanum
1385 1470 1417 1532 in
1441 1470 1521 1533 annis

425 1574 651 1660 Olympiadiois
665 1575 706 1637 ad
722 1574 830 1636 mundi
845 1595 945 1636 annos
960 1571 1240 1636 aooommodandis
1254 1594 1276 1635 a
1290 1572 1462 1656 semetipso
1474 1573 1522 1636 ali

425 1686 580 1762 quantum
603 1677 744 1739 sensisse.
790 1676 875 1739 Vide
899 1674 1035 1760 Syneelli
1060 1673 1288 1760 θίυυυορτυρίι.
1314 1696 1389 1760 pag.
1406 1694 1473 1742 212.
1493 1684 1521 1739 et

426 1778 521 1841 Num.
538 1779 682 1841 Africani
698 1801 809 1842 xxxrx.
830 1789 864 1842 ot
885 1800 970 1839 xnrx.
1018 1776 1123 1840 Probe
1146 1776 1224 1851 seio,
1241 1775 1310 1840 lero
1334 1777 1442 1841 omnia
1462 1778 1521 1841 hae

424 1881 495 1944 looa
509 1881 596 1944 varie
610 1881 793 1965 exposuisse
809 1883 891 1943 viros
906 1880 1115 1944 doetissimos.

471 1984 601 2047 Interea
621 2005 692 2046 eum
711 1984 787 2068 ipsae
802 2005 928 2068 qnoque
947 1982 1230 2067 interpretationes
1251 1982 1428 2047 eorundem
1448 1983 1518 2045 viro·

425 2107 497 2148 rum
510 2085 696 2148 Africanum
711 2086 807 2148 modo
821 2086 882 2148 hao
896 2085 992 2147 modo
1005 2084 1059 2147 illa
1074 2085 1282 2168 computandi
1298 2086 1426 2149 ratione
1440 2106 1519 2148 usam

424 2210 494 2251 esso
514 2188 648 2272 tingant,
664 2187 741 2249 nihil
763 2188 906 2271 prolecto
920 2187 994 2249 inde
1008 2184 1183 2270 praejudicii
1198 2185 1268 2249 fieri
1284 2187 1404 2251 debere
1422 2197 1519 2272 putem

425 2290 496 2354 aliis
516 2289 609 2353 elaris
623 2311 662 2352 ao
677 2289 804 2353 disertis
826 2290 901 2353 loeis
923 2289 1113 2352 sententiam
1128 2288 1196 2373 ejus
1215 2289 1443 2366 indicantibus,
1459 2289 1518 2373 qni·

426 2392 485 2455 bus
501 2391 749 2454 incarnationem
772 2401 969 2475 mortemque
985 2390 1103 2456 Ohristi
1118 2391 1214 2454 oertis
1235 2392 1331 2455 annis
1348 2392 1461 2455 Mundi
1479 2402 1519 2455 at·

425 2515 488 2577 quo
503 2493 726 2576 Olympiadum
744 2494 811 2577 ipse
826 2515 951 2579 quoque
973 2492 1132 2570 attribuit,
1148 2493 1273 2557 etiamsi
1297 2495 1332 2557 in
1353 2516 1518 2558 aooommo·

426 2595 555 2658 datione
570 2617 725 2659 annorum
740 2598 782 2659 ud
797 2619 896 2659 annos
910 2597 1099 2680 quandoque
1114 2618 1221 2660 errare
1236 2599 1391 2682 potuerit.

470 2698 533 2760 Sed
548 2706 585 2760 ut
599 2698 639 2759 ad
656 2697 801 2761 Africani
816 2699 912 2762 verba
926 2699 1066 2773 redeam,
1081 2700 1129 2762 ἐπὶ
1145 2699 1197 2777 τὴν
1212 2706 1265 2763 τοῦ
1289 2705 1402 2779 Κυρίου
1422 2726 1519 2780 παρου-

426 2801 498 2862 σίαν
520 2802 568 2862 καὶ
590 2801 645 2877 τὴν
668 2798 847 2874 ἀνάστασιν,
873 2801 905 2862 in
929 2801 1044 2884 quibus
1066 2801 1270 2886 conjungitur
1294 2802 1417 2867 Christi
1436 2802 1474 2865 D.
1486 2801 1519 2864 N.

425 2902 581 2966 adventus
601 2902 822 2966 resurrectioni
838 2904 915 2986 ojus,
931 2903 1015 2966 idem
1035 2903 1132 2967 habet
1146 2902 1292 2967 Joannes
1318 2926 1445 2989 quoquo
1460 2905 1521 2967 Ma

426 3003 490 3068 lala
503 3005 535 3067 in
553 3005 774 3090 Οί-τοοορταρίι.
790 3029 849 3069 sua
863 3006 916 3069 lib.
929 3030 959 3069 x.
975 3029 1047 3092 pag.
1062 3025 1134 3088 294.
1150 3008 1190 3073 ὡς
1204 3008 1347 3086 γίνεσθαι
1362 3009 1422 3071 ἀπὸ
1436 3006 1522 3084 ’ntae

427 3108 483 3173 tus
503 3112 553 3186 τῆς
574 3114 626 3170 τοῦ
648 3111 756 3189 Κυρίου
775 3110 858 3187 ἡμῶν
875 3107 976 3186 Ἰησοῦ
997 3113 1128 3189 Χριστοῦ
1148 3112 1222 3171 κατὰ
1241 3107 1342 3186 σάρκα
1362 3110 1522 3191 γεννήσεως

428 3209 476 3270 καί
500 3211 694 3289 σταυρόσειος
718 3210 767 3287 ἔτη
790 3208 898 3295 Ιεφλγῖ
946 3209 1063 3272 ltidem
1087 3209 1120 3271 in
1145 3209 1288 3272 Exordio
1314 3210 1522 3274 Ohmioontm

427 3309 539 3372 nutet.
557 3310 615 3373 hoo
631 3311 768 3394 positum
784 3321 850 3374 ost:
873 3322 901 3374 et
911 3334 967 3395 qno
983 3310 1188 3395 tenporesuit
1201 3312 1350 3375 αιίοοαίυο
1361 3312 1522 3376 Salvam

427 3412 521 3473 nostri
539 3412 614 3474 Jeen
632 3411 756 3487 utristi,
775 3414 836 3475 sive
850 3414 954 3496 passio
977 3413 1048 3495 ajin.
1099 3415 1202 3475 Immo
1226 3434 1360 3496 prorsus
1384 3412 1521 3477 eonveni-

428 3523 519 3575 enter
543 3523 608 3576 tim
637 3537 671 3576 re
697 3536 792 3597 quam
816 3516 918 3577 verbis
943 3515 1133 3578 Eustatlrius
1157 3515 1380 3578 Antiochenus
1404 3517 1437 3578 in
1460 3516 1520 3578 looo

430 3616 644 3678 Oornnzeniorii
659 3616 691 3678 ιἰι
706 3617 848 3679 Hennam.
865 3640 885 3679 a
899 3640 949 3680 me
965 3640 1061 3701 supra
1076 3619 1116 3680 ad
1133 3618 1227 3680 Num.
1244 3640 1287 3679 nr.
1303 3618 1425 3681 allato:
1450 3622 1521 3680 Γίνε-

426 3745 474 3782 ται
490 3721 542 3782 οὖν
557 3720 615 3780 ἀπὸ
633 3722 727 3797 Ἀδὰμ
743 3721 790 3781 ἐπὶ
806 3720 859 3796 τὴν
874 3721 1015 3797 τελευτὴν
1030 3724 1132 3782 Φαλὲκ
1148 3721 1198 3796 ἔτη
1220 3718 1268 3800 ρι’.
1293 3722 1343 3783 ἐπὶ
1362 3723 1393 3782 δὲ
1410 3721 1463 3798 τὴν
1477 3725 1521 3782 τοῦ

428 3823 539 3899 Κυρίου
554 3822 720 3899 παρουσίαν
736 3822 781 3881 καί
798 3819 965 3883 ἀνάστασιν
981 3826 1031 3897 ἔτη
1046 3820 1153 3906 ‘eolat
1199 3821 1248 3884 De
1264 3822 1325 3884 hac
1341 3844 1375 3885 re
1391 3829 1521 3885 tantum.

426 3923 503 3985 Jam
520 3945 601 3998 vero,
620 3923 659 3983 ad
678 3922 798 3984 (luisti
815 3923 936 3984 natales
951 3924 1036 4005 quod
1052 3925 1201 4007 pertinet,
1218 3934 1338 4007 praeter
1352 3925 1375 3986 J
1377 3947 1522 4009 oseppum

428 4025 512 4087 illum
538 4025 569 4086 in
594 4024 688 4087 Libro
708 4025 894 4100 Memoriali,
918 4026 957 4087 do
983 4048 1045 4108 quo
1068 4048 1163 4109 supra
1187 4027 1228 4088 nd
1253 4027 1349 4090 Num.
1369 4050 1438 4090 vin.
1461 4039 1521 4091 tam

427 4128 467 4206 Q.
484 4127 517 4188 J.
536 4128 661 4190 Hilario
684 4128 724 4189 nd
748 4127 830 4189 huno
848 4129 941 4188 Num.
958 4150 1029 4210 pag.
1042 4149 1116 4210 340.
1140 4140 1418 4203 commemoratus,
1435 4151 1522 4214 quant

427 4229 459 4291 S.
478 4229 673 4312 Hippolytus
693 4227 723 4288 iu
740 4230 857 4311 Interp.
874 4251 931 4292 sun
949 4230 982 4291 iu
1000 4230 1160 4292 Danielem
1175 4236 1198 4308 §.
1211 4253 1240 4308 4.
1258 4230 1371 4293 Romae
1391 4233 1522 4314 primum

426 4331 513 4394 odita
535 4349 730 4411 an1101772.
778 4332 1025 4415 Anonymusquo
1048 4333 1190 4415 Scriptor
1211 4333 1364 4396 Historise
1385 4336 1522 4417 Physica

426 4433 511 4496 haud
534 4434 581 4495 ita
604 4433 723 4515 pridem
749 4432 862 4515 publici
882 4434 964 4516 juris
986 4435 1100 4509 faetus,
1121 4457 1221 4496 annos
1244 4457 1262 4516 5
1267 4454 1342 4518 500.
1366 4457 1387 4498 a
1411 4438 1523 4498 mundo

426 4536 555 4598 condito
578 4535 770 4618 collegerunt
794 4535 833 4596 ad
860 4535 1041 4607 Christunu
1073 4559 1090 4598 e
1114 4537 1227 4619 quibus
1254 4537 1450 4622 Hippolytus
1472 4540 1522 4612 ait,

425 4642 443 4718 ἡ
463 4642 521 4721 γὰρ
542 4640 639 4718 πρώτη
660 4641 807 4717 παρουσία
827 4645 878 4701 τοῦ
901 4642 1008 4719 Κυρίου
1028 4642 1117 4718 ἡμῶν,
1134 4642 1151 4718 ἡ
1168 4641 1313 4720 ἔνσαρκος
1330 4644 1364 4704 ἓν
1380 4646 1522 4719 Βηθλεὲμ,

427 4743 475 4803 tet
502 4741 673 4818 Αὐγούστου
703 4740 861 4820 γεγένηται
891 4746 1180 4825 πεντακισχιλιοστῷ
1213 4745 1261 4804 καὶ
1286 4748 1524 4827 πεντακοσιοστῲ

425 4844 495 4905 ἔτει.
543 4844 592 4904 Ex
609 4842 659 4904 his
675 4842 771 4926 igitur
786 4843 929 4905 omnibus
945 4844 1135 4906 testimoniis
1156 4866 1193 4906 ae
1214 4844 1394 4908 rationibus
1417 4847 1447 4909 id
1472 4868 1524 4931 pro

425 4954 513 5008 certo
529 4952 626 5027 atque
642 4945 778 5007 evidenti
794 4952 928 5019 statuas,
942 4945 1023 5007 male
1039 4953 1287 5030 repraesentatos
1302 4969 1372 5010 esse
1385 4947 1523 5011 Africani

425 5069 572 5110 numeros
601 5048 685 5130 apud
718 5049 907 5127 l‘rospornm
937 5048 1136 5130 Aquitanum
1164 5048 1193 5108 in
1224 5048 1370 5112 Ohronioo
1396 5052 1522 5134 Imaona.

426 5149 509 5231 quod
526 5149 646 5232 primus
661 5148 760 5210 edidit
778 5148 945 5225 Labbaenn,
962 5150 1051 5232 eujus
1072 5150 1138 5213 haeo
1159 5156 1361 5223 sunt-sunt
1380 5173 1447 5235 erpo
1466 5173 1523 5214 om-
