3917 6467
437 1101 501 1167 178
808 1098 1164 1165 ANNOTA'I'IONES

435 1266 540 1332 Erant
550 1267 633 1330 enim
648 1266 769 1352 origine
782 1267 986 1343 Maoedonos,
996 1288 1033 1331 ao
1044 1266 1177 1352 proinde
1193 1266 1375 1331 Dorienses.
1410 1265 1515 1331 Verun

434 1368 468 1433 in
492 1367 596 1432 medio
623 1367 721 1433 lonioe
747 1367 808 1433 siti.
835 1370 997 1432 Vunnsrus.
1042 1368 1076 1433 Si
1098 1368 1229 1433 verioris
1253 1367 1421 1453 scripture
1444 1368 1517 1433 aliud

435 1475 591 1553 praeterea
604 1469 764 1533 desideres
778 1470 965 1555 exemplum,
979 1470 1072 1534 dabit
1091 1468 1200 1535 Strabo
1219 1468 1273 1533 lib.
1289 1468 1353 1532 viii.
1369 1491 1391 1533 a
1409 1469 1518 1533 Thomu

435 1572 485 1636 De
501 1572 624 1638 Pinedo
637 1573 680 1638 ad
695 1572 797 1658 sapt.
813 1573 944 1657 Byzast.
957 1573 1122 1637 adductus.
1176 1571 1268 1635 Nunc
1282 1571 1384 1636 refert
1398 1570 1519 1636 Burton

434 1674 552 1740 habere
566 1675 630 1740 sod.
642 1674 857 1740 marinam
871 1695 898 1738 1.
915 1675 1042 1742 Aeuom
1056 1696 1113 1759 pro
1129 1673 1300 1742 Συννάόοις.
1314 1674 1373 1739 sod
1387 1673 1421 1737 ln
1430 1694 1520 1760 marg.

433 1775 507 1861 legi,
525 1778 559 1840 ἐν
574 1777 688 1849 ἄλλοις,
706 1776 887 1843 ενσυνάόοις.

477 1878 688 1941 Muasroruus
707 1877 755 1941 vir
774 1877 811 1941 ol.
826 1878 859 1941 in
879 1878 1036 1942 Amedott.
1050 1899 1087 1942 aa
1105 1875 1316 1942 ΛΜΝ
1332 1874 1525 1942 Bibliotheca

434 1981 532 2045 Codd.
541 1987 619 2046 tom.
630 1980 674 2044 iii.
684 2002 716 2065 p.
730 1980 800 2062 148.
809 1981 860 2046 sd.
874 1980 974 2066 Neap.
987 1987 1060 2066 post
1074 1980 1207 2045 allatum
1218 1979 1252 2045 S.
1262 1980 1434 2066 CyrilliDs
1447 1982 1525 2047 Oan-

425 2091 503 2167 pato
517 2082 655 2146 libellum
670 2082 739 2147 haeo
756 2083 873 2168 posuit.
918 2090 941 2122 ‘⁴
956 2083 996 2146 In
1010 2081 1253 2148 Commentariis
1268 2081 1431 2148 Victorini
1449 2084 1528 2149 inte

434 2193 456 2224 ‘⁶
471 2184 608 2271 plurima
629 2184 698 2249 haeo
720 2184 820 2249 etiam
837 2184 960 2271 scripta
984 2182 1187 2268 reperimus?
1232 2183 1373 2266 (Dubito
1399 2207 1443 2250 au
1465 2185 1528 2250 luat

433 2287 605 2353 Muratorii
629 2288 726 2352 verba
747 2288 823 2363 sint,
838 2310 882 2352 an
903 2288 1010 2373 potius
1033 2288 1151 2353 veteris
1171 2287 1305 2372 alicujus
1327 2287 1530 2373 descriptoris

431 2391 561 2475 hujusce
572 2390 743 2476 fragmenti
753 2412 793 2454 ex
803 2389 1057 2474 Victorinianis.)
1081 2390 1530 2457 “invenimusinmembranis

433 2500 452 2528 “
468 2493 645 2557 Alexandri
660 2492 798 2578 episcopi
814 2492 867 2577 qui
882 2493 943 2558 luit
958 2493 992 2556 in
1004 2493 1216 2569 Hierusalem,
1230 2493 1314 2578 quod
1329 2494 1530 2580 umscrlpsit

432 2603 452 2631 “
467 2616 562 2658 manu
578 2616 635 2659 sua
646 2595 686 2658 de
697 2595 929 2680 exemplaribus
940 2596 1164 2680 apostolorum.
1201 2594 1255 2660 Ita
1266 2617 1333 2658 rrrr.
1347 2596 1424 2660 Kal.
1434 2598 1529 2662 anu

432 2705 453 2736 “
467 2706 563 2762 natus
585 2704 635 2761 est
657 2696 813 2760 Dominus
835 2696 876 2760 N.
897 2696 931 2760 J.
955 2695 990 2762 O.
1014 2697 1150 2782 Sulpitio
1175 2703 1209 2762 et
1231 2697 1402 2762 Camerino
1423 2697 1529 2764 conf

432 2801 604 2884 (Mendose
630 2821 688 2883 pro
714 2797 853 2883 Sulpicio
879 2797 1047 2863 Camerino
1073 2805 1107 2864 et
1133 2801 1274 2884 Poppoeo
1300 2798 1422 2864 Sabino
1443 2799 1528 2865 Cosa

429 2902 479 2967 vel
493 2924 551 2987 pro
567 2900 705 2985 Sulpicio
720 2899 887 2965 Camerino
901 2899 972 2966 Oos
988 2900 1049 2965 hoa
1062 2907 1124 2977 est,
1138 2921 1222 2965 anno
1237 2920 1267 2983 9.
1279 2921 1353 2966 aerae
1365 2901 1528 2986 vulgaris)

431 3009 451 3040 “
468 3002 511 3068 Et
527 3002 709 3087 baptizatus
723 3009 773 3067 est
788 3024 855 3067 vrrr.
873 3001 922 3066 Id.
937 3001 1014 3067 Jan.
1028 3002 1197 3067 Valeriano
1211 3008 1245 3067 et
1260 3002 1409 3067 Asiatico
1424 3003 1530 3069 cosm

431 3107 513 3190 (Pro
530 3104 659 3169 Valerio
679 3104 824 3169 Asiatico
846 3127 881 3169 n.
898 3112 932 3169 et
953 3105 977 3168 J
979 3104 1054 3168 unio
1077 3103 1196 3169 Sabino
1211 3106 1302 3169 Coss
1319 3105 1368 3169 vel
1391 3128 1450 3191 pro
1465 3105 1529 3171 Va·

429 3206 508 3272 lerio
524 3206 672 3271 Asiatico
691 3207 763 3271 (los.
778 3205 812 3268 h.
827 3227 854 3270 e.
870 3225 956 3270 anno
974 3207 1028 3285 46.
1043 3205 1142 3289 ejusd.
1157 3208 1257 3287 aerae.)
1303 3214 1326 3245 “
1342 3206 1465 3273 Passus
1482 3214 1530 3273 est

430 3318 452 3350 “
468 3333 501 3372 x.
527 3308 600 3373 Kal.
622 3309 703 3393 Apr.
726 3307 853 3371 Nerone
874 3330 920 3370 ru.
944 3313 978 3371 et
1005 3305 1137 3371 Valerio
1165 3309 1305 3374 Messala
1325 3309 1436 3375 Coss?
1458 3310 1530 3395 (hoo

429 3419 480 3477 est
495 3434 580 3477 anno
593 3411 645 3496 58.
661 3409 760 3494 ejusd.
775 3408 876 3493 eerae).
923 3416 942 3445 “
959 3407 1147 3473 Resurrexit
1162 3432 1229 3473 vrrr.
1247 3410 1319 3475 Kal.
1338 3414 1420 3496 Apr.
1438 3415 1527 3476 Coss.

430 3522 451 3552 “
467 3535 563 3598 supra
585 3511 720 3596 scriptis.
766 3510 922 3574 Ascendit
943 3509 976 3572 in
1002 3509 1099 3574 coelos
1114 3533 1144 3573 v.
1161 3511 1247 3574 Non.
1265 3513 1346 3598 Maj.
1363 3523 1439 3598 post
1465 3516 1530 3578 dies

430 3623 452 3653 ‘⁴
467 3638 517 3677 xn.
545 3616 637 3677 Coss.
664 3633 760 3696 supra
783 3611 920 3696 scriptis.
964 3610 1108 3676 Joannes
1130 3613 1278 3698 Baptista
1298 3615 1444 3679 nascitur
1465 3637 1527 3678 vm.

429 3724 450 3756 “
467 3717 539 3782 Kal.
555 3715 623 3778 Jul.
639 3720 672 3778 et
693 3713 929 3777 circumciditur
949 3713 1022 3777 Kal.
1045 3714 1112 3777 Jul.
1157 3715 1210 3779 Ad
1227 3715 1368 3780 Mariam
1388 3739 1464 3781 vero
1488 3717 1529 3781 lo

430 3828 448 3858 “
462 3831 554 3885 sutus
577 3824 627 3882 est
650 3816 792 3902 Angelus
815 3838 881 3879 vm.
905 3815 979 3880 Kal.
1004 3817 1084 3900 Apr.
1107 3824 1198 3881 sexto
1220 3818 1289 3902 jam
1314 3818 1530 3902 conceptionis

428 3930 449 3960 “
464 3922 590 3987 mense*
603 3921 674 4002 (for.
684 3919 806 4004 legend.
819 3924 944 3982 sextum
951 3918 977 4002 j.
993 3940 1019 3981 o.
1032 3921 1186 4000 mensem)
1201 3928 1220 3958 “
1233 3920 1401 3985 Elisabeth
1413 3921 1529 3986 habere

429 4033 450 4063 “
466 4025 582 4088 diceus.
621 4022 672 4086 Ex
685 4043 748 4105 quo
759 4027 963 4104 supputatur,
975 4021 1084 4085 eodem
1098 4023 1149 4087 die
1159 4022 1332 4087 Dominum
1346 4022 1445 4088 fuisse
1459 4046 1530 4088 oon-

429 4136 448 4164 “
465 4133 601 4211 ceptum,
619 4146 681 4208 quo
696 4130 730 4187 et
744 4121 949 4186 resurrexit.”

470 4230 674 4311 Quantopere
694 4224 807 4310 putida
826 4224 915 4289 istaeo
941 4225 1152 4304 nativitatem,
1168 4227 1370 4312 baptismum,
1392 4235 1529 4293 mortem

427 4330 546 4396 Christi
568 4327 729 4413 signantia
754 4327 831 4412 ipsis
856 4327 953 4390 sacris
975 4327 1141 4412 scripturis
1168 4329 1389 4407 adversentur,
1416 4352 1528 4415 quam·

428 4455 488 4517 que
510 4432 623 4495 misere
644 4429 682 4493 iis
705 4431 876 4494 turbentur
897 4452 1006 4494 omues
1029 4453 1101 4494 cum
1123 4430 1281 4495 historioae
1304 4439 1373 4496 tum
1396 4432 1528 4496 chrono-

426 4535 535 4619 logioae
549 4534 700 4610 rationes,
715 4555 778 4595 non
794 4554 920 4597 necesse
935 4540 995 4608 est,
1012 4540 1049 4597 ut
1064 4533 1226 4617 operosius
1240 4533 1420 4597 ostendam.
1458 4534 1526 4598 Ad-

427 4637 504 4701 duxi
532 4636 659 4720 quidem
687 4635 750 4698 ista
775 4656 815 4696 ex
836 4633 918 4697 libro
940 4634 990 4698 his
1012 4634 1108 4698 terris
1133 4635 1262 4711 rariore,
1287 4656 1327 4698 ne
1351 4635 1528 4700 Alexandri

426 4739 567 4804 notabile
582 4738 656 4822 quid
673 4736 913 4822 praetermisisse
928 4737 1037 4800 videar
1045 4762 1055 4815 ;
1079 4737 1138 4802 etsi
1159 4737 1274 4802 nemini
1296 4744 1405 4801 ratum
1419 4738 1527 4803 haberi

427 4848 532 4926 queat,
549 4841 632 4904 huno
647 4860 755 4903 verum
771 4860 839 4902 esse
854 4838 1032 4903 Alexandri
1047 4840 1170 4903 foetum.
1209 4841 1397 4915 Poteratne,
1411 4863 1525 4925 quaeso,

426 4944 488 5019 ille,
504 4943 558 5028 qui
580 4963 651 5007 oum
673 4940 748 5006 viris
769 4940 892 5026 magnis
914 4940 1079 5006 Clemente
1095 4941 1187 5005 Alex.
1206 4949 1304 5028 atque
1322 4942 1461 5028 Origene
1482 4943 1524 5007 fa

426 5045 591 5110 miliariter
609 5043 700 5120 vixit,
715 5041 896 5128 hujusmodi
919 5043 996 5126 quid
1017 5042 1118 5108 literis
1140 5043 1336 5128 consignare,
1354 5045 1523 5110 Dominum
