3917 6467
426 1080 470 1147 oa
747 1034 996 1149 nnmomm
1028 1071 1206 1136 sucum.

425 1246 499 1319 τῶν
521 1235 721 1335 ποιοτήτων
748 1232 895 1332 ποιητὴς
923 1232 1069 1332 γε’γονεν
1097 1232 1117 1309 ὁ
1145 1227 1262 1324 Θεός;
1301 1231 1413 1312 οὕτως
1441 1226 1521 1330 ἔχει

425 1376 529 1453 Ἐπεὶ
547 1371 589 1451 δέ
603 1405 675 1450 σου
701 1372 759 1448 καὶ
783 1368 952 1470 λε’γοντος
977 1366 1181 1468 ἔμπροσθεν
1202 1363 1341 1462 ἤκουον,
1361 1366 1409 1447 ὡς
1437 1361 1524 1440 ἀδό-

428 1543 534 1589 νατον
561 1507 605 1614 ἐξ
630 1508 693 1586 οῦκ
723 1505 836 1585 ὄντων
866 1502 1034 1604 γίνεσθαί
1063 1536 1108 1598 τι,
1136 1500 1227 1602 πρὸς
1256 1498 1323 1599 τὴν
1352 1497 1527 1601 ἐρώτησιν

427 1644 614 1748 ἀπόκριναι
641 1642 707 1742 τὴν
733 1638 832 1739 ε’μήν.
865 1644 962 1719 δοκεῖ
986 1672 1048 1717 σοι
1071 1637 1136 1721 τὰς
1164 1645 1228 1716 τοῦ
1258 1635 1400 1734 κόσμου
1431 1629 1529 1712 ποιό-

428 1815 536 1879 τητας
553 1779 603 1879 μὴ
628 1777 672 1884 ἐξ
696 1776 933 1873 ὑποκειμένων
958 1771 1158 1871 ποιοτήτων
1182 1770 1391 1872 γεγονέναι,
1424 1771 1551 1847 bonnis

423 1911 576 2015 Ἕτερον
594 1912 637 1991 δέ
650 1945 684 1990 τι
707 1907 807 2012 παρὰ
831 1906 895 1990 τὰς
920 1907 1044 1989 οῦσίας
1071 1902 1240 2008 ὑπάρχειν
1265 1901 1387 1987 αῦτός.
1418 1904 1530 1986 οὕτως

430 2049 514 2152 ἕχει.
573 2052 618 2125 El
635 2044 701 2144 μὲν
719 2045 782 2123 οῦν
802 2041 890 2141 μήτε
916 2040 960 2146 ἐξ
984 2037 1220 2138 ὑποκειμένων
1242 2034 1443 2136 ποιοτήτων
1467 2035 1531 2121 τὰς

430 2180 620 2280 ποιότητας
641 2178 920 2280 ἐδημιούργησεν
946 2177 965 2253 ὁ
992 2173 1095 2271 Θεὸς,
1113 2171 1203 2272 μήτε
1224 2175 1263 2251 ἐκ
1286 2179 1359 2251 τῶν
1387 2173 1531 2270 οὐσιῶν,

431 2322 482 2421 τῷ
500 2312 588 2413 μηδὲ
607 2314 731 2396 οὐσίας
750 2309 859 2394 αῦτῦις
876 2307 974 2406 εἶναι,
993 2312 1032 2389 ε’κ
1050 2306 1100 2408 μὴ
1120 2307 1235 2387 ὄντων
1252 2304 1360 2390 αὑτὰς
1379 2305 1450 2387 ὑπὸ
1469 2313 1531 2385 τοῦ

431 2458 527 2532 Θεοῦ
545 2450 726 2554 γεγονέναι
745 2455 852 2528 εἰπεῖν
870 2451 1078 2548 ἀναγκαῖον.
1111 2445 1195 2525 ὅθεν
1211 2448 1384 2546 περιττῶς
1401 2439 1531 2526 ἐδόκεις
1543 2461 1571 2501 ¹⁰

431 2620 493 2682 μοι
519 2587 648 2686 λέγειν,
666 2583 841 2662 ἀδύνατον
867 2579 953 2661 εἶναι
980 2578 1149 2687 δοξάζειν,
1168 2578 1212 2684 ἐξ
1235 2579 1298 2657 οῦκ
1325 2576 1441 2658 ὄντων
1467 2610 1528 2679 γε·

432 2720 572 2821 γονέναι
603 2752 638 2797 τι
669 2716 760 2820 πρὸς
789 2727 854 2797 τοῦ
883 2722 992 2796 Θεοῦ.
1040 2717 1165 2793 ἀλλ’ἱι
1196 2713 1262 2812 μὲν
1292 2714 1374 2815 περὶ
1406 2710 1533 2790 τοῦτον

433 2856 545 2957 λόγος
562 2852 629 2934 ὧδε
648 2854 767 2959 ε’χέτω.
798 2851 945 2953 καὶγὰρ
964 2853 1047 2953 παρ’
1067 2851 1150 2949 ἡμῖν
1169 2855 1366 2950 θεωροῦμεν
1389 2846 1531 2949 ἀνθρώ·

432 3024 520 3073 πους
539 2990 582 3096 ἐξ
601 2991 664 3068 οῦκ
690 2987 803 3067 ὄντων
825 2985 1013 3069 ποιοῦντός
1038 3019 1127 3081 τινα,
1146 2989 1176 3063 εἰ
1204 2984 1262 3062 καὶ
1290 2981 1345 3060 ὅτι
1369 2979 1535 3080 μάλιστα

434 3127 580 3203 δοκοῦσι
607 3130 719 3202 ποιεῖν
747 3122 785 3200 ε”ν
812 3155 890 3218 τινι,
919 3119 994 3200 οἷον
1021 3123 1079 3199 ἐπὶ
1106 3125 1178 3198 τῶν
1208 3115 1466 3220 ἀρχιτεκτόνων
1493 3115 1533 3196 τὸ
1544 3140 1573 3198 15

432 3256 660 3360 παράδειγμα
684 3255 866 3353 λάβωμεν.
928 3259 1002 3333 Καὶ
1024 3251 1095 3356 γὰρ
1121 3252 1216 3333 οὗτοι
1241 3259 1386 3331 ποιοῦσι
1412 3248 1536 3336 πόλεις

435 3395 498 3472 οῦκ
525 3396 564 3471 ἐκ
590 3389 744 3486 πόλεων,
763 3393 821 3469 καὶ
850 3388 954 3473 νοοῦς
983 3389 1113 3486 ὁμοίως
1140 3388 1204 3466 οῦκ
1230 3389 1270 3464 ἐκ
1298 3392 1405 3464 ναῶν.
1436 3392 1466 3465 εὶ
1494 3390 1537 3483 δ’,

435 3526 489 3605 ότι
519 3526 656 3608 τούτοις
688 3525 807 3603 οὐσίαι
845 3522 1057 3620 ῦπόκειντοι,
1087 3521 1149 3602 οἰέι
1184 3520 1228 3626 ἐξ
1262 3518 1376 3599 ὄντων
1411 3518 1537 3603 αὐτοῦς

436 3835 514 3891 sunt,
536 3824 656 3882 istarum
681 3824 815 3902 profacto
835 3824 958 3901 qualita-
1010 3824 1104 3889 oebnn,
1119 3821 1192 3879 nihil
1209 3832 1243 3879 ut
1260 3821 1380 3880 omuino
1395 3821 1480 3880 Deua
1500 3840 1535 3880 ex

435 3917 498 3964 tum
518 3917 620 3962 auctor
639 3905 722 3963 Deus
739 3915 794 3964 est.
839 3905 959 3982 Utique.
1010 3903 1102 3960 nihilo
1121 3903 1233 3961 efficere
1253 3901 1383 3979 potuisse
1404 3902 1574 3960 credero·²<

437 3985 583 4056 Quoniam
599 3985 689 4061 igitur
699 4003 736 4041 ex
751 3996 780 4042 te
796 3983 858 4063 ipso
873 3984 960 4063 paulo
1009 3994 1067 4042 tur.
1110 3983 1285 4060 Quanquam
1304 3981 1382 4039 hunc
1395 3982 1486 4040 etiam
1506 3983 1537 4040 iu

436 4076 505 4123 ante
529 4063 691 4131 audiebam,
712 4085 750 4121 ex
778 4064 870 4122 nihilo
897 4064 959 4122 fieri
1010 4063 1128 4120 modum
1147 4064 1200 4120 hac
1213 4065 1276 4141 ipsa
1290 4061 1326 4119 de
1340 4082 1372 4120 re
1386 4060 1537 4140 disputare

436 4143 509 4201 nihil
524 4143 644 4200 omnino
658 4164 751 4219 ponae,
767 4144 821 4201 hoc
836 4156 869 4202 tu
889 4144 959 4201 mihi
1010 4142 1087 4201 licet.
1130 4141 1180 4199 Ab
1200 4142 1364 4200 hominibus
1387 4141 1537 4199 interdum

437 4223 610 4300 respondeas
620 4222 713 4281 velim.
744 4223 905 4281 Existimas
916 4234 960 4281 ta.
1011 4223 1155 4288 videmus,
1177 4242 1213 4280 ex
1234 4242 1269 4280 eo
1293 4220 1371 4298 quod
1392 4240 1536 4298 nusquam

436 4322 513 4370 men,
529 4302 559 4358 ni
575 4301 669 4370 fallor,
684 4303 786 4360 mundi
804 4303 961 4380 qualitates
1012 4312 1066 4371 est,
1089 4302 1230 4360 nonnulla
1251 4301 1333 4370 fieri;
1365 4312 1399 4359 ut
1424 4301 1455 4358 in
1481 4300 1574 4363 alio²l

437 4380 515 4438 haud
539 4381 679 4456 subjectis
706 4402 743 4440 ex
771 4383 961 4459 qualitatibus
1012 4383 1147 4460 quopiam
1163 4393 1328 4460 susceptum
1338 4401 1412 4458 opus
1423 4381 1538 4439 efficere

438 4462 614 4518 factasesse.
657 4462 711 4520 Ita.
755 4463 798 4520 Et
815 4484 831 4520 a
850 4463 961 4521 naturis
1012 4463 1135 4520 maxime
1149 4461 1311 4519 videantur.
1353 4461 1432 4518 Nam
1452 4461 1537 4520 utin

438 4561 500 4598 esse
522 4539 683 4599 distinctas.
736 4543 875 4602 Omnino.
929 4542 961 4600 Si
1012 4542 1178 4600 architectis
1188 4540 1353 4620 exemplum
1364 4551 1537 4606 statuamus,

438 4640 507 4696 ergo
536 4619 691 4695 qualitates
718 4642 735 4678 a
764 4622 839 4688 Deo,
867 4642 962 4699 neque
1014 4623 1100 4679 urben
1114 4621 1157 4679 illi
1172 4621 1299 4698 quidem,
1314 4641 1373 4678 non
1388 4631 1487 4679 tamen
1501 4640 1537 4678 ex

439 4700 576 4775 subjectis
596 4721 633 4758 ex
654 4700 853 4777 qualitatibus,
868 4722 963 4779 neque
1014 4701 1143 4767 urbibus,
1159 4700 1266 4779 templa
1287 4721 1403 4779 quoque
1423 4720 1482 4758 non
1501 4708 1574 4765 213<

439 4781 526 4837 etiam
541 4800 577 4837 ex
593 4781 705 4838 naturis
723 4781 872 4861 producta
892 4783 961 4848 sint,
1013 4780 1129 4856 templis
1143 4780 1295 4839 aedificaut.
1322 4781 1355 4838 Si
1369 4781 1446 4838 enim
1458 4779 1537 4857 quod

439 4857 517 4935 quod
544 4871 655 4918 nutura
680 4881 738 4918 non
764 4861 832 4927 sint,
854 4882 902 4920 eas
926 4882 961 4919 ex
1013 4861 1182 4919 substantiae
1196 4861 1327 4937 quaedam
1345 4861 1380 4919 iia
1399 4861 1538 4935 subjectae

441 4937 532 4995 nihilo
556 4950 634 4998 certe
661 4941 778 5015 quidem
808 4941 963 5019 productas
1013 4941 1081 5004 sint,
1093 4939 1158 4998 illos
1173 4940 1280 4998 idcirco
1294 4961 1331 4999 ex
1347 4941 1383 4999 iis
1393 4960 1458 5016 qua
1469 4949 1538 4998 ante

441 5039 503 5076 esse
518 5039 632 5078 necasse
647 5032 701 5077 ent.
732 5021 831 5090 Quare
845 5022 962 5089 frustra,
1008 5020 1068 5092 jam
1084 5031 1190 5086 esseut,
1201 5021 1257 5078 iata
1271 5020 1364 5077 moliri
1377 5020 1537 5086 existimes,

441 5099 553 5175 opinor,
577 5119 637 5157 rem
661 5100 704 5157 ita
723 5121 758 5173 ‚se
786 5101 890 5159 babere
919 5101 962 5159 di·
1015 5110 1098 5157 tuum
1110 5111 1140 5158 te
1150 5100 1450 5177 fallitargumeutum.
1471 5099 1536 5158 Nec
1545 5107 1575 5165 35
