3917 6467
892 1092 1131 1156 MAXIMUS.
1502 1098 1572 1165 107

459 1251 499 1328 οὐ
517 1254 618 1328 δοκεῖ
627 1283 689 1329 σοι
703 1247 922 1351 ἀναιρετικὸν
934 1249 1000 1346 μὲν
1014 1247 1101 1329 εἶναι
1118 1260 1183 1330 τοῦ
1195 1250 1308 1353 πυρὸς
1321 1253 1363 1332 τὸ
1377 1256 1483 1357 ὕδωρ,
1499 1264 1563 1334 τοῦ

459 1383 495 1463 δὲ
512 1383 668 1467 σκότους
685 1383 728 1463 τὸ
747 1391 836 1491 φῶς,
847 1386 906 1463 καὶ
924 1384 1051 1463 τάλλα
1068 1385 1141 1464 ὅσα
1153 1387 1290 1470 τούτοις
1303 1387 1561 1489 παραπλήσιος

459 1523 563 1599 δοκεῖ.
630 1521 773 1599 Οὐκοῦν
799 1525 827 1597 εἰ
852 1518 898 1597 τά
923 1517 1014 1621 μέρη
1039 1521 1102 1598 οὔκ
1130 1522 1229 1598 ἐστιν
1257 1519 1432 1619 ἀλλήλων
1459 1524 1559 1601 ἀναι-

457 1655 590 1755 ρετικά,
609 1654 655 1734 τά
673 1655 711 1734 δὲ
728 1660 791 1752 τῆς
811 1656 900 1752 ὕλης
918 1652 1010 1756 μέρη
1028 1652 1230 1756 ἀναιρετικά
1248 1653 1423 1753 ἀλλήλων
1453 1658 1563 1754 ἐστὶν,

426 1790 519 1869 sorix
539 1788 643 1867 ἔσται
661 1786 839 1886 ἀλλήλων
851 1786 953 1890 με’ρη.
975 1794 1004 1866 εἰ
1017 1786 1054 1866 δὲ
1069 1790 1133 1866 οὔκ
1151 1791 1252 1866 ἐστιν
1270 1788 1446 1887 ἀλλήλων
1463 1790 1563 1891 με’ρη,

458 1923 520 2000 οὐκ
548 1921 693 2001 ἔσονται
720 1918 810 2021 ὕλης
837 1929 931 2020 μιᾶς.
963 1920 1065 2001 ἀλλά
1090 1920 1172 2020 μὴν,
1199 1924 1271 2001 οὐδ’
1298 1922 1389 2001 αὑτά
1420 1924 1565 2003 ἔσονται

458 2058 526 2155 ὕλη
555 2063 608 2162 τῷ
634 2057 744 2156 μηδέν
771 2091 806 2135 τι
835 2065 908 2136 τῶν
938 2054 1052 2136 ὄντων
1080 2055 1167 2135 αὐτὸ
1195 2060 1320 2138 ἑαυτοῦ
1348 2061 1565 2162 ἀναιρετικὸν

457 2189 639 2294 ὑπάρχειν,
665 2188 755 2269 κατά
782 2188 847 2269 τὸν
873 2199 938 2269 τοῦ
965 2190 1202 2289 ἀντικειμένου
1229 2189 1351 2292 λόγον.
1386 2192 1465 2271 οὐδὲ
1493 2192 1564 2296 γάρ

456 2326 539 2403 ἔστί
563 2360 599 2403 τι
623 2327 720 2430 αὐτῷ
739 2326 987 2422 ἀντικείμενον·
1017 2323 1063 2403 τά
1089 2324 1160 2425 γάρ
1187 2325 1416 2424 ἀυτικειμένα,
1436 2327 1564 2429 ἑτέροις

407 2461 678 2539 Ιοάντικεῖσθαι
705 2460 875 2565 πέφυκεν.
906 2459 981 2538 οἷον
1008 2459 1050 2539 τὸ
1078 2458 1217 2556 λευκὸν,
1243 2459 1329 2539 αὐτὸ
1357 2463 1471 2567 ἑαυτῷ
1498 2465 1562 2542 οὐκ

817 2592 967 2623 ix!

457 2595 656 2689 ἀντίκειται,
674 2592 766 2695 πρὸς
790 2599 828 2673 δε
852 2628 894 2672 το
917 2605 1034 2691 μελαυ
1058 2595 1295 2692 ἀντικείμενον
1322 2592 1476 2696 λέγεται.
1505 2600 1564 2675 καὶ

456 2726 497 2806 τὸ
516 2733 598 2833 φῶς
616 2727 754 2825 ὁμοίως,
774 2728 887 2831 ἑαυτῷ
904 2724 955 2824 μὴ
973 2728 1192 2806 ἀντικεῖσθαι
1211 2728 1393 2824 δείκνυται,
1411 2728 1502 2831 πρὸς
1525 2728 1564 2808 δὲ

456 2861 497 2940 τὸ
516 2861 649 2943 σκάτος
666 2858 777 2944 οὕτως
804 2858 888 2965 ’ἕχον
914 2862 1090 2966 φαίνεται,
1110 2864 1167 2940 καὶ
1194 2861 1297 2940 ἀλλα
1321 2872 1409 2963 γοῦν
1435 2865 1564 2963 ὁμοίως

455 3003 616 3075 πλεῖστα
641 2995 724 3074 ὅσα.
785 3001 831 3074 Ei
854 2995 972 3074 τοίνυν
998 2998 1055 3073 καὶ
1084 2992 1154 3093 ὕλη
1180 2996 1246 3094 μία
1272 2998 1326 3080 τὶς
1352 2995 1407 3095 ἦν,
1426 2999 1490 3076 οὐκ
1518 2995 1563 3077 ἀν

414 3124 546 3226 ’δαάτὴ
563 3129 655 3230 αὐτῇ
672 3125 860 3208 ἀπέκειτο.
879 3127 972 3205 οὕτω
991 3126 1028 3206 δὲ
1046 3134 1119 3206 τῶν
1132 3126 1377 3226 ἀντικειμένων
1396 3129 1561 3232 ἐχόντων,

456 3262 498 3341 τὸ
515 3260 568 3360 μὴ
587 3257 674 3340 εἶναι
692 3258 759 3359 τὴν
777 3263 869 3359 ὕλην
886 3262 1072 3339 δείκνυται.

457 3508 546 3573 utque
565 3494 709 3570 ejusmodi
728 3504 841 3559 catera,
856 3514 915 3551 non
929 3494 986 3552 tol·
1036 3494 1124 3552 traria
1151 3493 1294 3570 siquidem
1322 3494 1387 3555 aliia
1417 3496 1561 3555 duntaxat

457 3575 518 3635 lere
543 3595 575 3633 ae
596 3594 628 3632 ae
654 3584 759 3631 mutuo
782 3593 815 3630 aa
843 3575 985 3651 perimere
1036 3576 1179 3631 contraria
1201 3584 1287 3632 aunt:
1317 3575 1560 3651 quemadmodum

457 3654 619 3713 videntur?
658 3652 758 3710 Plane.
791 3653 822 3709 si
837 3673 907 3730 ergo
919 3672 984 3731 par.
1036 3673 1089 3711 uec
1110 3651 1207 3711 album
1229 3652 1303 3721 albo,
1320 3653 1370 3712 sed
1391 3656 1474 3732 nigro
1496 3665 1560 3712 tan.

415 3745 502 3793 roten
521 3733 611 3790 uullae
632 3744 767 3789 mutuum
789 3733 844 3790 sibi
863 3732 984 3791 exitium
1036 3742 1118 3797 tum;
1133 3752 1187 3790 nec
1201 3731 1269 3798 luci,
1284 3733 1334 3791 sed
1349 3734 1477 3792 tenebris
1491 3755 1560 3791 con.

457 3813 595 3879 afferunt,
617 3822 714 3890 partes
734 3820 832 3869 autem
856 3812 984 3868 materia
1035 3812 1123 3868 traria
1151 3810 1202 3868 lux
1230 3823 1283 3880 eat,
1307 3812 1496 3888 similiterque
1524 3812 1560 3871 de

456 3904 594 3950 mutuum
620 3892 676 3949 sibi
699 3890 822 3948 exitium
847 3891 983 3956 afferunt,
1035 3890 1099 3948 aliia
1108 3890 1253 3968 plerisque
1261 3890 1457 3969 philosophari
1467 3904 1560 3969 poteo.

456 3992 511 4030 uec
527 3982 697 4028 mutuarum
716 3970 772 4027 ista
790 3971 917 4048 partium
939 3990 983 4027 ra·
1035 3969 1144 4039 Quare,
1167 3970 1191 4025 ai
1218 3971 1339 4028 materia
1363 3990 1479 4046 quoque
1502 3990 1560 4028 una

456 4051 567 4110 tionem
589 4049 774 4114 obtinebunt,
789 4070 842 4107 nec
862 4048 985 4126 proinde
1035 4047 1166 4124 quaedam
1186 4061 1216 4106 et
1237 4047 1359 4126 simplex
1382 4060 1467 4117 eaaet,
1482 4070 1558 4107 nun·

414 4144 446 4204 25
456 4130 545 4187 unius
559 4139 674 4186 tautum
696 4129 833 4197 materia,
848 4138 900 4185 aut
914 4147 983 4184 vero
1034 4146 1119 4203 quam
1135 4147 1231 4185 aecum
1247 4128 1308 4202 ipsa
1321 4141 1474 4205 pugnaret.
1511 4130 1559 4185 Ex

455 4207 578 4266 materia
601 4225 720 4285 prorsus
740 4227 802 4264 esse
824 4217 982 4285 poterunt;
1034 4226 1091 4282 qua
1099 4205 1276 4284 tandempro
1297 4207 1339 4263 ria
1348 4208 1558 4265 contrariorum

454 4307 521 4346 eum
536 4284 677 4344 reanulla
686 4287 839 4343 interitum
851 4286 906 4343 aibi
917 4304 983 4362 pea-
1034 4286 1146 4343 ratione
1167 4227 1361 4349 concluditur,
1377 4285 1472 4343 locum
1495 4307 1558 4342 om-

455 4379 574 4442 temque
588 4374 678 4430 creet,
687 4365 732 4421 uti
747 4365 899 4422 contrariis
913 4384 983 4421 con·
1034 4365 1103 4421 uino
1117 4364 1166 4421 isti
1181 4364 1309 4423 materiae
1324 4364 1436 4422 nullum
1457 4385 1558 4443 auper-

453 4445 544 4505 traria
565 4442 671 4502 solent.
720 4443 786 4501 Nec
806 4444 883 4501 enim
906 4442 982 4500 idem
1034 4462 1106 4501 eoae.

411 4524 632 4597 3oooutrarium
662 4533 707 4581 est
732 4522 787 4601 ipsi
811 4523 884 4591 aibi;
915 4542 983 4580 cou-
