3917 6467
427 1090 491 1158 198
787 1087 1138 1155 ANNOTATIONES

426 1266 592 1322 noeentum
612 1257 716 1343 rejioit
735 1259 767 1323 in
792 1260 937 1324 ultimam
963 1259 1116 1344 syllabam
1139 1256 1360 1323 anteoedentis
1376 1255 1516 1320 vooabnli

427 1360 519 1440 Quod
541 1361 613 1424 ideo
636 1368 748 1424 notare
772 1361 867 1438 volui,
891 1361 966 1446 quia
990 1362 1032 1425 ad
1055 1361 1230 1446 marginem
1253 1358 1407 1424 editionis
1430 1361 1516 1424 aaa

426 1462 530 1526 vensis
544 1463 680 1547 idipsum
701 1463 860 1528 indicatur
879 1464 975 1548 paulo
995 1463 1168 1528 obscurius.
1212 1461 1254 1524 In
1273 1460 1385 1525 eodioe
1405 1483 1518 1545 quoque

428 1564 513 1628 Μαι.
529 1574 563 1629 et
584 1565 666 1628 Fuk.
684 1590 746 1632 πως
768 1576 934 1630 accentum
958 1565 1062 1650 rejieit
1085 1565 1118 1629 iu
1140 1565 1387 1630 anteoedentem
1410 1585 1517 1628 voeem

428 1667 586 1730 Vanrsrus.
635 1667 678 1730 Ia
698 1667 744 1731 od.
766 1667 866 1752 sapt.
887 1668 1072 1753 impressum
1095 1667 1198 1732 fuerat
1219 1673 1281 1735 πῶς
1303 1688 1378 1730 αισι
1400 1667 1520 1730 oiroum-

425 1767 520 1845 flexo,
534 1768 585 1832 oui
600 1776 633 1833 et
647 1775 836 1833 accentuum
850 1769 959 1854 regula
973 1777 1007 1834 et
1022 1769 1145 1833 oodioes
1159 1768 1269 1853 scripti
1284 1767 1494 1852 refragentur.

471 1873 511 1934 P.
532 1873 601 1956 183.
617 1871 637 1936 l.
659 1876 705 1934 16.
722 1869 744 1956 ᾧ
758 1871 832 1951 μήτε
846 1877 1022 1953 προσθεῖναι
1038 1871 1103 1951 μήτ’
1119 1871 1260 1956 ἀφελεῖν]
1284 1870 1440 1934 Forsitan
1457 1890 1521 1934 ano·

428 1973 508 2036 toris
537 1974 569 2035 in
597 1983 737 2038 mentem
766 1973 852 2038 venit
880 1974 1005 2037 illorum
1034 1973 1066 2036 in
1094 1973 1199 2058 eapite
1229 1973 1286 2036 ult.
1314 1971 1520 2057 Apocalypsin,

426 2097 538 2138 oomm.
561 2078 607 2137 18.
624 2083 657 2139 et
676 2097 724 2158 19.
772 2077 869 2139 Certe
884 2075 956 2138 illuo
971 2082 1119 2160 speetant
1135 2074 1324 2138 Tertulliani
1339 2074 1439 2138 verba
1446 2074 1520 2138 Ado.

429 2180 655 2261 Hamnopeaem,
665 2199 734 2261 eap.
749 2195 801 2242 22.
818 2177 973 2260 Serapeum
987 2198 1045 2240 eaeo
1058 2176 1162 2241 (ίοοοατ
1172 2177 1376 2261 Hermopeaie
1389 2177 1521 2258 alliciam.

425 2280 467 2344 Si
488 2301 547 2342 noa
569 2289 609 2342 eat
632 2279 787 2363 οσνὶρίαον,
804 2279 907 2342 lineat
932 2301 979 2342 oca
1002 2278 1085 2343 illud
1107 2277 1323 2362 adfluentibus
1348 2287 1406 2342 ααί
1430 2279 1523 2343 dalra-

424 2379 559 2444 leatibar
574 2381 756 2444 institutam.

470 2485 508 2546 P.
526 2484 595 2560 184.
606 2481 627 2545 l.
638 2501 666 2545 2.
676 2482 731 2560 τὴν
743 2486 815 2545 κατὰ
826 2485 920 2545 τόπον
931 2483 1104 2567 ἐκκλησίαν]
1115 2484 1245 2546 Πόντον.
1256 2481 1396 2567 (Stque.)
1423 2481 1523 2566 lange

426 2584 622 2670 praeferenda
641 2592 691 2647 est
710 2583 827 2647 oodiois
842 2582 932 2667 Regii
949 2585 1118 2668 seriptum,
1135 2605 1230 2667 quam
1245 2583 1418 2647 confimat
1433 2583 1523 2647 etiam

426 2686 623 2771 Nioephorus
638 2685 669 2748 in
690 2685 769 2748 libro
785 2685 823 2748 iv.
841 2707 909 2770 oap.
927 2705 977 2768 23.
994 2686 1049 2764 τὴν
1068 2689 1143 2749 κατὰ
1161 2687 1446 2764 renouauerat.
1487 2684 1524 2750 Id

425 2796 475 2853 est
493 2787 656 2852 eeclesiam
676 2787 759 2850 illius
780 2786 849 2861 loci,
865 2787 1003 2871 Aneyrae
1024 2787 1152 2850 seilicet.
1198 2787 1251 2850 Sia
1269 2786 1301 2849 in
1322 2787 1524 2871 inseriptione

424 2889 567 2974 epistolae
583 2888 819 2973 Smyrnensium
831 2887 872 2951 ad
884 2888 1021 2971 reliquas
1033 2888 1180 2953 eeclesias
1192 2891 1240 2952 καὶ
1251 2889 1364 2956 πόσαις
1374 2895 1441 2956 ταῖς
1456 2892 1525 2952 κατὰ

424 2993 523 3056 πάντα
537 2993 630 3053 τόπον
645 2994 694 3068 τῆς
708 2992 795 3071 ἁγίας
810 2994 967 3068 καθολικῆς
983 2992 1142 3068 ἐκκλησίας
1159 2992 1334 3071 παροικίαις.
1380 2990 1427 3055 Et
1447 2991 1526 3053 infra

426 3093 495 3177 (lin.
511 3093 575 3178 ιι.)
598 3093 758 3156 Vaesana.
795 3091 893 3174 Apud
911 3090 1066 3154 lrenoeum
1081 3113 1206 3175 quoque
1220 3091 1371 3167 invenias,
1388 3096 1442 3170 τῆς
1456 3094 1526 3155 κατὰ

425 3199 518 3258 τόσον
534 3196 692 3272 ἐκκλησίας
706 3193 805 3270 πάσης
819 3192 1025 3271 αἰτησαμένης.
1037 3193 1091 3256 lib.
1103 3193 1135 3256 ii.
1147 3215 1215 3277 oap.
1227 3212 1283 3277 31.
1295 3193 1346 3257 ed.
1357 3192 1525 3257 Massueti.

425 3297 506 3362 (lum
521 3295 615 3380 Rapio
630 3296 726 3358 MSto
741 3294 899 3357 consentit
912 3294 1142 3377 Norsoloienria
1156 3303 1189 3359 et
1205 3294 1385 3358 Strothium
1401 3306 1527 3358 secutus

425 3400 518 3461 τόπον
544 3397 576 3460 in
602 3403 727 3460 textum
750 3395 863 3479 reeepi.
909 3394 999 3458 Idem
1024 3418 1106 3460 nuno
1132 3397 1275 3461 fecerunt
1298 3396 1525 3460 Zimmerman.

427 3499 614 3563 Heiniohen.
637 3499 872 3580 Burtonusque,
894 3504 995 3560 testes
1020 3498 1073 3583 qui
1099 3499 1190 3562 addit
1215 3497 1299 3561 codd.
1324 3499 1526 3572 Parium,

427 3601 641 3665 Heiniohenus
656 3600 726 3663 eod.
742 3599 949 3662 mammen.

471 3703 556 3766 lbid.
576 3703 596 3764 l.
618 3722 651 3785 5.
677 3700 980 3782 διατεθρυλλημένην]
1009 3699 1047 3762 ld
1072 3709 1122 3763 est
1147 3708 1371 3784 personantem
1395 3722 1435 3764 ao
1458 3722 1527 3785 per·

424 3812 628 3889 strepentem.
674 3803 757 3865 Tota
772 3801 855 3864 enim
871 3801 1002 3865 eeclesia
1017 3801 1098 3864 illius
1112 3800 1184 3876 loci,
1199 3822 1326 3863 rumore
1341 3823 1433 3865 novae
1456 3823 1528 3885 pro-

426 3906 542 3991 phetiae
557 3903 759 3989 personabat,
776 3923 847 3965 oum
861 3903 902 3965 ob
917 3910 1018 3965 tantas
1039 3902 1083 3963 rei
1104 3901 1277 3965 novitatem
1298 3901 1406 3966 ounoti
1427 3902 1468 3965 de
1489 3923 1528 3965 ea

426 4031 460 4072 re
474 4008 686 4092 loquerentur.
733 4005 784 4067 Ex
800 4026 862 4087 quo
879 4013 1023 4089 apparet,
1040 4005 1158 4067 donum
1177 4004 1353 4088 prophetiae
1363 4004 1435 4090 jam
1457 4014 1528 4067 tum

425 4109 486 4172 illis
510 4108 706 4192 temporibus
732 4106 764 4168 in
788 4106 919 4169 eeclesia
945 4128 1053 4168 rarum
1076 4114 1173 4189 atque
1196 4106 1384 4169 inusitatum
1408 4104 1526 4180 luisse3

426 4209 543 4294 quippe
560 4231 631 4272 oum
650 4216 764 4271 exorta
780 4207 927 4270 Montani
948 4207 1125 4292 prophetia,
1141 4215 1251 4271 tantos
1273 4207 1430 4271 tumultus
1451 4218 1528 4271 tuno

425 4310 578 4393 temporis
591 4311 623 4372 in
639 4309 770 4373 ecelesia
785 4309 979 4373 exeitaverit.
1026 4309 1118 4389 Quod
1138 4316 1224 4371 oerte
1244 4330 1308 4371 non
1328 4308 1528 4391 eontigisset,

425 4413 452 4475 ai
467 4412 605 4475 solemne
621 4419 696 4475 tuno
718 4432 756 4473 ao
777 4410 996 4495 pervulgatum
1017 4411 1048 4474 in
1070 4411 1201 4474 eeclesia
1220 4411 1330 4475 fuisset
1349 4412 1528 4495 prophetia

425 4514 551 4577 donum.
606 4513 708 4575 Porro
733 4512 1023 4592 διατεθρολλημίνην
1050 4513 1177 4594 Langus
1202 4512 1298 4575 vertit
1323 4513 1527 4576 daemstatam.

427 4613 591 4676 Vanasrus.
637 4614 685 4677 At
704 4635 778 4677 vero
803 4614 929 4678 disertis
953 4613 1057 4677 verbis
1081 4614 1223 4678 narravit
1243 4614 1402 4677 Eusebius
1426 4614 1481 4678 lib.
1497 4637 1527 4677 v.

426 4721 507 4782 Hist.
524 4741 592 4801 eap.
608 4737 640 4801 3.
665 4719 856 4783 Montanum
880 4741 950 4783 oum
974 4720 1067 4783 sociis
1091 4719 1236 4803 opinione
1258 4719 1431 4782 multorum
1456 4741 1528 4802 pro-

426 4821 555 4904 phetam
574 4819 718 4882 habitum
737 4820 842 4896 fuisse,
859 4842 896 4882 eo
917 4821 1002 4903 quod
1021 4826 1161 4883 πλεῖσται
1181 4822 1229 4882 καὶ
1250 4821 1343 4883 ἄλλαι
1362 4826 1527 4900 παραόοξσ

426 4920 518 4985 notior
534 4927 585 4982 τοῦ
601 4921 680 4982 θείου
695 4923 877 5001 χαρίσματος
892 4921 924 4983 in
939 4921 1070 4984 diversis
1085 4921 1222 4985 ecclesiis
1243 4929 1319 4984 tuno
1337 4922 1435 4985 etiam
1459 4923 1527 4985 lieri

426 5024 527 5087 solitae
543 5022 635 5084 fidem
651 5022 782 5085 fecerint
797 5022 948 5104 κᾴκείνοος
963 5023 1149 5106 prophetica
1166 5023 1272 5107 gratia
1294 5024 1415 5088 donari.
1463 5025 1526 5088 Sed

426 5135 459 5188 et
479 5134 577 5188 testes
598 5132 672 5186 sunt
694 5123 767 5186 doni
790 5123 965 5207 prophetici
987 5124 1025 5186 iis
1045 5147 1169 5207 quoque
1193 5126 1391 5208 temporibus
1414 5127 1526 5189 erebro
