3917 6467
425 1088 491 1156 866
791 1085 1143 1153 ANNOTATIONES

426 1234 447 1264 ⁶⁶
464 1224 559 1290 fuisse
580 1223 706 1288 diluvio.
752 1222 901 1287 Nonnulli
923 1221 1056 1298 codices,
1077 1242 1158 1305 quos
1179 1220 1355 1285 Africanus
1375 1227 1501 1304 sequutus

427 1336 447 1364 ‘⁶
462 1335 522 1399 est,
539 1348 639 1390 anuos
659 1327 727 1416 187.
743 1333 819 1389 ante
832 1324 1081 1410 generationem,
1096 1330 1133 1387 at
1149 1324 1223 1404 782.
1235 1331 1311 1407 post
1325 1321 1408 1386 illam
1421 1321 1504 1386 eidam

427 1437 450 1468 ⁶‘
465 1427 668 1494 tribuebant:
691 1449 732 1492 011
747 1448 810 1511 quo
829 1435 978 1511 computo
997 1425 1203 1511 sequebatur,
1219 1433 1257 1489 ut
1271 1423 1421 1488 diluvium
1437 1444 1506 1487 suno

425 1539 447 1569 ‘⁶
463 1532 589 1595 demum
607 1529 650 1595 ab
666 1529 704 1594 0.
720 1528 755 1594 O.
773 1532 867 1594 2262.
882 1527 1046 1605 acciderit,
1061 1549 1117 1591 sex
1138 1548 1253 1611 nempe
1272 1533 1348 1611 post
1368 1534 1508 1590 mortuum

428 1637 448 1666 “
464 1627 679 1694 Mathusalem
695 1626 794 1692 aunis.
838 1627 888 1691 De
901 1624 1082 1711 hujusmodi
1096 1624 1260 1689 codicibus
1276 1622 1437 1709 Syuoellm
1448 1623 1509 1686 scri-

428 1741 447 1770 “
464 1733 512 1797 bit
527 1754 599 1818 pag.
616 1733 668 1815 83.
683 1752 737 1794 eos
751 1751 839 1794 raros
852 1729 979 1816 aocflde
993 1729 1097 1815 dipsas
1110 1728 1225 1791 fuisse:
1249 1725 1290 1790 Ὁ
1303 1727 1408 1806 μέντοι
1420 1725 1508 1806 ‘App-

430 1842 449 1871 “
467 1834 554 1900 κανὸς
569 1831 680 1920 βσξβ.
703 1834 901 1914 ἐπελογίσατο
922 1835 955 1895 ἐκ
973 1838 1062 1896 τινῶν
1080 1831 1217 1894 σπανίων
1238 1828 1431 1911 ἀντιγράφου
1449 1830 1510 1890 one

429 1944 452 1974 ‘⁶
467 1934 676 2016 περιέχοντων,
692 1934 737 2000 οἶς
757 1934 792 1996 οὐ
814 1934 871 2016 χρὴ
894 1936 1067 1998 namecca:
1095 1954 1136 1996 ex
1160 1930 1210 1995 his
1235 1938 1349 1995 1111111111
1371 1929 1511 1995 codicibus

431 2045 453 2075 ‘⁶
469 2043 614 2121 superest
628 2035 731 2098 adhuc
744 2034 980 2099 Alexandrinus
995 2033 1233 2118 antiquissimus
1248 2039 1282 2099 et
1297 2031 1511 2105 celeberrimus,

430 2148 451 2175 ‘⁶
468 2137 517 2201 oui
533 2138 630 2202 etiam
645 2136 805 2200 consentit
821 2137 940 2200 Aldina
954 2137 1062 2214 editio,
1077 2143 1175 2220 atque
1189 2134 1273 2199 aliae.
1289 2144 1444 2220 praeterea
1456 2133 1511 2196 bac

431 2249 451 2276 ‘⁶
466 2240 561 2304 lectio
575 2238 743 2303 conformis
758 2240 886 2303 omnino
907 2247 956 2304 est
971 2238 1135 2303 Hebraico
1154 2237 1278 2301 textui:
1301 2235 1411 2320 itaque
1428 2235 1509 2299 101-

432 2353 451 2379 “
466 2340 558 2426 pello,
576 2339 740 2415 Pezronio,
755 2350 789 2404 et
802 2340 872 2403 aliis
886 2341 1044 2404 nonnullis
1059 2338 1297 2414 recentioribus,
1310 2338 1366 2423 qui
1377 2336 1511 2402 0110111111

432 2453 454 2482 “
470 2444 654 2507 Graecorum
680 2440 821 2505 codicum
848 2449 906 2507 aut
931 2441 1117 2516 edisserunt,
1144 2448 1202 2505 aut
1226 2438 1386 2524 potiorem
1410 2438 1511 2502 habeut

432 2554 452 2581 ⁶⁶
470 2544 644 2617 Hebraico,
657 2543 862 2627 approbatur.
909 2540 1031 2606 Verum
1046 2542 1202 2606 Eusebius
1216 2541 1309 2606 inivit
1324 2541 1407 2606 viam
1420 2560 1511 2626 quam·

433 2654 454 2685 ‘⁶
471 2646 544 2709 dem
559 2644 696 2708 mediam
710 2645 795 2709 inter
812 2653 979 2729 utramque
994 2644 1063 2729 jam
1083 2664 1284 2728 expressam
1308 2665 1385 2707 nam
1399 2641 1513 2705 Mathu-

332 2826 337 2837 ,
434 2757 455 2786 “
471 2747 546 2810 salae
563 2753 640 2811 ante
656 2746 794 2811 Lamech
815 2754 927 2810 natum
945 2768 1046 2810 anuos
1066 2749 1135 2825 167.
1149 2744 1277 2821 tribuit,
1288 2744 1387 2829 juxta
1405 2742 1512 2829 quidem

434 2859 457 2888 ‘⁶
474 2848 586 2934 prioris
599 2848 724 2933 generis
739 2847 873 2923 codices,
887 2855 960 2931 post
973 2856 1082 2912 autem
1095 2868 1196 2910 aunos
1212 2847 1286 2928 782.
1297 2845 1396 2931 juxta
1414 2845 1514 2909 alteros

435 2961 454 2987 ⁶⁶
470 2955 511 3014 ab
529 2950 681 3013 Africano
696 2957 875 3033 usurpatos.
898 2970 1017 3033 exque
1037 2948 1163 3033 quidem
1182 2947 1308 3012 ratione
1329 2948 1515 3032 sequebatur,

436 3062 459 3091 ‘⁶
476 3061 513 3116 ut
530 3050 745 3116 Mathusulem
766 3072 821 3114 sax
841 3056 918 3114 aute
937 3050 1087 3113 diluvium
1106 3048 1199 3113 aunis
1220 3049 1349 3124 obierit,
1366 3049 1470 3113 itidem
1487 3054 1516 3110 ut

435 3163 457 3192 ‘⁶
473 3176 513 3218 ex
527 3160 676 3236 computo
692 3150 835 3215 Africani
848 3175 857 3226 ;
873 3149 1022 3213 diluvium
1038 3159 1143 3215 autem
1160 3173 1200 3214 ex
1215 3151 1433 3236 receptissima
1445 3147 1517 3234 apud

437 3264 456 3291 ‘³
472 3256 601 3319 Graecos
616 3252 775 3317 sententia
789 3252 935 3316 inciderit
950 3252 982 3314 in
1002 3274 1118 3316 anuum
1142 3270 1234 3329 2242.
1280 3253 1331 3317 At
1352 3254 1434 3318 enim
1454 3249 1518 3315 illud

437 3359 545 3420 “inde
572 3357 763 3439 sequebatur
788 3355 1032 3431 incommodum,
1058 3364 1094 3419 ut
1119 3354 1201 3418 idem
1230 3356 1420 3419 Mathussls
1442 3352 1521 3417 amris

438 3467 457 3494 ⁶⁶
474 3466 599 3522 tantum
615 3478 688 3540 949.
705 3457 736 3519 in
752 3456 930 3519 universum
946 3456 1076 3521 vixerit:
1101 3479 1165 3541 qua
1185 3458 1225 3521 de
1239 3480 1355 3522 caussa
1369 3480 1439 3522 eam
1453 3457 1522 3540 Sya-

438 3569 460 3598 “
476 3560 572 3623 sellus
592 3558 762 3642 explodit.”
808 3560 863 3623 lta
880 3559 927 3620 vir
946 3558 984 3621 el.
1001 3580 1069 3642 oap.
1086 3559 1117 3621 ii.
1135 3561 1209 3641 §.4
1226 3582 1256 3644 p.
1272 3563 1349 3643 518.
1397 3559 1523 3621 Videat

438 3662 529 3725 eund.
548 3663 577 3743 q.
594 3664 624 3724 6.
648 3685 679 3745 p.
702 3679 774 3743 523.
823 3661 960 3743 Prosper
983 3660 1107 3744 quidem
1128 3660 1312 3744 Aquitanus
1334 3660 1368 3723 in
1391 3660 1524 3724 Chronico

439 3767 558 3850 Iatmro
575 3763 768 3826 Mathusalae
783 3786 881 3827 annos
902 3766 968 3836 187.
980 3772 1055 3827 ante
1070 3764 1192 3827 natales
1208 3764 1359 3826 Lameohi
1376 3763 1525 3834 attribuit,

437 3867 513 3929 dum
540 3866 801 3949 inconsequenter
827 3888 956 3949 prorsus
980 3888 1080 3929 annos
1106 3883 1197 3943 2242.
1214 3865 1255 3928 ab
1272 3865 1402 3929 Adamo
1427 3866 1467 3928 ad
1487 3864 1526 3928 di-

436 3968 553 4031 lnviurn
583 3982 735 4042 recenset,
759 3967 814 4029 sed
845 3967 927 4029 illinc
956 3967 1042 4031 istud
1074 3967 1209 4030 fortasse
1238 3966 1450 4049 colligendum
1473 3976 1527 4042 ast,

439 4070 550 4132 vitiose
566 4068 608 4131 ibi
623 4068 682 4153 legi
699 4090 798 4131 annos
817 4071 886 4149 187.
903 4091 961 4153 pro
980 4071 1049 4149 167.
1066 4092 1095 4152 p.
1111 4088 1185 4150 520.
1206 4070 1319 4131 l'etum
1336 4070 1412 4132 Lat.
1430 4069 1526 4133 chron

439 4193 459 4233 a
475 4169 638 4233 Roncallio
662 4170 819 4233 editorum
842 4170 967 4234 Patavii
990 4193 1040 4234 an.
1061 4174 1151 4253 1787.
1198 4169 1243 4234 Et
1268 4170 1409 4250 Quintus
1431 4170 1528 4234 Julius

442 4271 636 4345 Hilarianus,
652 4273 701 4333 De
724 4271 840 4334 Mundi
862 4273 1046 4348 Daratione,
1071 4293 1162 4355 quem
1187 4271 1331 4355 superius
1354 4269 1528 4345 memoravi,

440 4371 557 4454 primos
574 4372 766 4435 Mathusalae
781 4395 882 4436 annos
901 4378 969 4456 167.
986 4374 1115 4449 invenit,
1130 4396 1188 4457 pro
1203 4372 1318 4456 quibus
1334 4381 1444 4436 tamen
1465 4373 1530 4436 sub

440 4472 618 4536 stitueudos
644 4473 710 4536 vult
735 4496 835 4536 annos
862 4475 929 4550 182,
953 4475 1169 4539 adnumeratis
1194 4474 1285 4538 aunis
1308 4474 1530 4558 posterioribus

443 4573 635 4636 Mathusalae
660 4576 733 4653 787,
755 4583 791 4638 ut
814 4576 927 4639 vixisse
951 4576 1109 4639 diceretur
1135 4575 1297 4638 universos
1320 4578 1395 4657 969,
1419 4575 1531 4660 etjam

439 4683 516 4738 ante
531 4674 681 4737 diluvium
697 4686 840 4738 mortuus
855 4677 959 4740 fuisse.
995 4676 1219 4740 Patrocinatus
1233 4678 1372 4761 denique
1387 4686 1437 4741 est
1452 4675 1530 4739 Afri

441 4775 509 4838 cani
535 4776 671 4838 numeris
693 4779 762 4857 187,
777 4779 852 4840 dum
873 4783 909 4841 τὰ
928 4779 1036 4857 ἀκριβῆ
1056 4783 1106 4856 τῆς
1122 4778 1271 4844 saetosus
1290 4781 1405 4856 βιβλία
1424 4785 1532 4842 testem

441 4875 530 4952 citat,
557 4876 696 4938 01701101
718 4877 926 4941 Alexandrini
948 4879 1081 4953 Auctor,
1105 4900 1197 4963 quem
1222 4878 1314 4941 initio
1336 4879 1432 4962 hujus
1454 4887 1531 4941 notae

442 4977 621 5039 memoravi.
661 4976 699 5038 lu
715 4999 785 5062 pag.
803 4979 928 5063 quidem
946 4981 1050 5064 operis
1071 4980 1117 5043 sui
1140 5001 1207 5059 114.
1229 4980 1394 5063 Synoellus
1414 4978 1531 5051 asserit,

444 5077 631 5141 Africanum
647 5079 719 5161 989.
736 5101 835 5141 annos
850 5102 907 5163 pro
919 5084 991 5162 969.
1009 5082 1201 5146 Mathusalae
1216 5083 1407 5166 assignasse,
1420 5088 1530 5166 quanto
