3917 6467
698 1106 747 1172 IN
767 1106 991 1171 AuuchNI
1014 1106 1260 1173 CHRONIOA.
1464 1110 1530 1179 397

423 1271 510 1354 χρής.
555 1270 673 1335 Confer
686 1293 757 1357 pag.
776 1292 848 1356 251.
863 1273 917 1337 lin.
935 1292 986 1339 21.
1032 1274 1184 1358 Idemque
1203 1295 1262 1359 pro
1282 1274 1333 1353 ἔτη
1352 1272 1415 1353 λβ.
1432 1275 1530 1340 habet

426 1368 483 1448 ιβ.
499 1372 547 1434 καὶ
559 1376 638 1451 μῆνα
654 1374 717 1449 ἕνα,
732 1383 830 1458 prout
845 1374 1002 1438 Eusebius
1018 1374 1234 1459 Syueelliunus
1249 1376 1299 1455 ἔτη
1320 1373 1371 1454 ιβ.
1387 1376 1531 1462 assignat

425 1472 503 1536 huie
523 1473 652 1557 reginae,
666 1475 752 1558 quod
775 1482 883 1539 tumen
900 1476 1054 1540 Africano
1077 1477 1292 1560 reponendum
1316 1498 1384 1540 esse
1408 1499 1532 1541 summe

426 1596 586 1638 annorum
609 1576 720 1641 botulis
742 1585 849 1662 negat.
895 1578 994 1663 Apud
1013 1577 1207 1664 Theophilum
1219 1579 1323 1642 τούτου
1345 1581 1378 1641 δὲ
1400 1580 1530 1661 θυγάτηρ

426 1678 480 1756 ἔπι
497 1676 528 1754 ι’,
542 1681 637 1755 ubas
651 1675 691 1758 γ’·
832 1705 835 1712 ·

472 1780 512 1843 Ρ.
528 1799 545 1844 2
546 1798 567 1863 5
573 1799 602 1859 7.
616 1779 637 1843 l.
653 1798 685 1863 5.
699 1777 810 1847 Ῥαθῶς
825 1782 876 1859 ἔτη
889 1781 943 1866 ἔξ]
958 1780 1107 1846 Eusebius
1117 1781 1247 1863 Ἀθωρις
1262 1783 1312 1862 ἔτη
1327 1780 1387 1845 λθ.
1419 1781 1528 1846 Eused.

426 1881 503 1945 Las.
519 1880 655 1944 Atheris
668 1881 716 1945 vel
732 1881 869 1945 Achoris
883 1904 957 1946 eun.
974 1904 1006 1965 9,
1017 1883 1087 1947 edit.
1099 1892 1208 1948 autem
1220 1882 1382 1969 scaligeri,
1393 1883 1531 1948 Aehoris

425 2004 502 2046 ann.
520 1999 551 2062 7.
591 1982 654 2046 Sed
669 1983 814 2046 Mauorte
828 1984 916 2069 apud
926 1984 1047 2069 Jusepb.
1063 1989 1113 2063 nie
1127 1987 1160 2049 δὲ
1175 1983 1531 2070 (Aeeuehris)‘Pdderte

425 2084 563 2163 ἁδελφὸς
587 2082 624 2147 θ’.
647 2084 736 2169 apud
759 2084 886 2171 Tdeepd.
906 2084 1032 2167 Ἀθωρὶς
1055 2087 1105 2165 ἔτη
1129 2084 1181 2166 ιβ’.
1200 2091 1296 2167 μῆνας
1318 2084 1357 2167 γ’.
1403 2087 1458 2151 Itu
1480 2087 1530 2150 ed.

427 2183 555 2259 Wolfii,
571 2185 626 2248 sed
642 2186 799 2267 Μερχερὴς
815 2185 907 2272 vulgo
922 2186 1125 2271 Theophilus.

470 2286 556 2349 lbid.
571 2286 592 2350 l.
608 2289 640 2348 6.
657 2292 778 2367 Χεβρῆς
793 2289 842 2368 ἔτη
862 2286 928 2373 ιβ’]
951 2289 1099 2353 Eusebius
1113 2289 1266 2372 Χενχέρης
1287 2289 1337 2369 ἔτη
1356 2288 1403 2362 ις’.
1419 2288 1528 2355 Euseb.

430 2388 541 2452 Cim.
557 2388 802 2454 ὶαί.01]ανατον
820 2412 894 2454 eun.
915 2411 964 2455 10.
979 2391 1035 2455 sed
1051 2392 1153 2456 MSS.
1172 2391 1249 2454 sou.
1266 2392 1377 2476 Maqd.
1394 2398 1427 2455 et
1445 2393 1530 2455 Mer·

423 2498 487 2552 tos.
503 2510 578 2552 auu.
601 2491 650 2552 16.
670 2498 768 2575 atque
787 2491 923 2555 Amaldi
946 2492 1082 2557 Ponteei
1103 2493 1196 2557 editio
1217 2493 1326 2556 θύννον.
1345 2494 1414 2557 Lat.
1439 2493 1529 2557 Edit.

425 2598 539 2655 sutem
567 2590 728 2676 Scaliger-i,
753 2591 911 2657 cenchres
935 2616 1010 2657 ann.
1040 2596 1088 2658 18.
1133 2594 1277 2658 Munatio
1300 2594 1389 2679 apud
1409 2594 1529 2679 Josepb.

425 2692 614 2776 Ἀκεγχήρης
633 2692 686 2772 ιβ’.
702 2695 751 2757 καὶ
768 2699 862 2774 μῆνας
880 2694 980 2769 πέντε,
997 2696 1053 2759 sed
1070 2696 1157 2781 apud
1179 2696 1306 2781 Tbeeph.
1322 2696 1453 2760 confusa
1472 2717 1529 2759 no·

425 2794 515 2859 mine
529 2794 667 2859 fuerunt.

471 2896 556 2959 lbid.
571 2896 591 2959 1.
609 2912 637 2977 7.
650 2896 797 2978 Ἀχερῤἦς
811 2897 861 2977 ἔτη
877 2895 942 2982 ιβ’]
953 2896 1103 2962 Eusebius
1114 2899 1229 2979 Χεῤῥῆς
1244 2898 1294 2975 ἔτη
1310 2895 1355 2963 ιε’.
1386 2897 1530 2962 Mauorte

424 2998 516 3084 apud
538 2998 659 3084 Josepd.
685 2999 870 3081 Ἀκεγχήρης
897 3000 997 3079 ἕτερον
1024 2997 1075 3078 ιβ’.
1102 3000 1150 3062 καὶ
1174 3002 1268 3078 μῆνας
1296 2997 1335 3080 γ’.
1359 3000 1414 3062 sed
1443 2999 1530 3084 apud

430 3100 560 3185 recept.
585 3122 677 3185 reges
701 3100 822 3164 eoniusi
847 3107 931 3164 sunt.
988 3101 1054 3165 Sub
1079 3099 1140 3163 hoe
1166 3122 1240 3185 rege
1266 3101 1370 3164 Mosis
1393 3101 1529 3164 exodum

426 3201 564 3266 eolloeut
579 3202 736 3266 Eusebius
751 3202 783 3264 in
801 3202 948 3267 Chronico
963 3202 1086 3277 Latino,
1102 3202 1157 3265 sed
1177 3203 1281 3265 Vereis
1295 3202 1364 3285 ejus
1378 3203 1531 3266 Armenia

427 3304 487 3368 sub
507 3325 583 3388 rege
603 3303 702 3368 Orum
718 3303 871 3388 sequenti,
887 3303 1105 3367 Adsederam
1124 3325 1217 3387 quem
1236 3312 1340 3381 vocat,
1354 3311 1391 3368 ut
1411 3303 1528 3368 Euseb.

427 3404 565 3490 Syneelli
580 3406 639 3468 sub
654 3405 816 3469 Obencbet
829 3403 927 3468 tertio
941 3426 1015 3488 rege
1031 3411 1104 3487 post
1116 3402 1225 3467 Orum.

471 3506 556 3571 Ibid.
571 3507 591 3571 1.
608 3508 638 3572 8.
652 3506 802 3588 ’Appen-ire
817 3507 867 3585 ἔτη
883 3504 930 3590 ε’.]
943 3504 1094 3586 Ἀμερσῆς
1109 3505 1209 3570 edidit
1228 3505 1378 3590 Sesliger.
1422 3507 1530 3586 Ἀρμές

427 3610 527 3673 habet
552 3607 662 3674 Eueeb.
689 3608 910 3692 δγννανύύίαννν,
928 3605 1059 3687 Ἀρμαϊς
1081 3605 1187 3671 Esset.
1213 3607 1374 3691 Souliqere'.
1419 3606 1473 3670 Ita
1496 3620 1531 3671 et

428 3710 576 3775 Μανιῶν
604 3711 694 3793 apud
715 3709 831 3794 Josqrb.
849 3707 979 3789 Ἀρμαῖς
1004 3705 1038 3770 δ’.
1065 3708 1114 3771 καὶ
1137 3713 1216 3787 μῆνα
1239 3709 1302 3780 ἕνα,
1327 3708 1412 3792 apud
1439 3707 1530 3771 Tbe-

421 3813 545 3900 pbilum
560 3834 635 3876 vero
649 3812 744 3877 leetio
759 3811 891 3886 variata,
908 3818 942 3874 et
957 3808 1088 3872 confusa
1103 3810 1231 3873 nomina
1252 3810 1389 3873 fuerunt.
1433 3808 1530 3872 Hune

428 3936 535 3999 regem
551 3914 699 3978 Danaum
722 3935 847 3998 quoque
868 3910 1040 3996 appellavit
1062 3911 1094 3973 in
1109 3911 1264 3994 Dyuastia
1286 3933 1344 3973 suu
1360 3910 1528 3987 Eusebius,

429 4139 641 4183 suceessorem
670 4116 847 4181 nominavit
871 4118 1067 4199 AEgypturm
1093 4117 1205 4194 Ἀμμὲς
1230 4117 1246 4177 ὁ
1271 4114 1393 4180 Δαναὸς
1416 4114 1467 4192 ἔτη
1494 4112 1528 4178 ε’.

428 4222 492 4299 μεθ’
508 4220 528 4283 ἃ
543 4222 576 4283 ἐκ
591 4223 642 4298 τῆς
653 4220 804 4299 Αἰγύπτου
820 4218 955 4280 ἐκπεσὼν
971 4218 1019 4279 καὶ
1031 4217 1152 4297 φεύγων
1166 4214 1219 4279 τὸν
1234 4216 1369 4295 ἇδελφον
1379 4217 1531 4296 Αἴγυπτον

429 4323 472 4387 εἰς
493 4321 548 4399 τὴν
568 4318 707 4384 Ἐλλάδα
729 4322 907 4401 ἀφικνεῖται,
929 4319 1077 4399 κρατήσας
1096 4342 1129 4380 τε
1152 4322 1205 4380 τοῦ
1219 4315 1350 4397 Ἀργους
1372 4319 1532 4395 βασιλεύει

428 4422 586 4503 Ἀργείων.
632 4421 695 4485 Sed
712 4420 942 4485 Manethonem
956 4419 1075 4483 dixisse
1085 4418 1109 4481 J
1111 4419 1247 4502 osephus
1262 4419 1370 4494 refert,
1382 4418 1531 4482 Sethosiu

429 4546 485 4588 seu
504 4524 702 4600 Remessem,
717 4523 771 4607 qui
793 4521 974 4606 Arnenophi
995 4520 1156 4596 suecessit,
1172 4520 1367 4605 appellatum
1388 4542 1456 4584 esse
1472 4523 1530 4584 AE·

427 4633 572 4711 gyptum,
588 4633 623 4690 et
646 4625 737 4688 Fratri
761 4623 856 4708 hujus
871 4624 1009 4686 Armai'n
1032 4644 1146 4685 nomen
1166 4622 1314 4686 Danaum
1338 4621 1530 4707 impositum.

430 4727 495 4791 Hie
525 4735 633 4791 autem
661 4725 814 4803 Sethosis,
841 4725 924 4788 idem
951 4724 1004 4808 qui
1031 4723 1186 4787 Sesostris
1212 4723 1354 4809 pluribus
1380 4723 1428 4787 ite
1451 4723 1531 4787 refe·

428 4828 582 4906 rentibus,
598 4829 719 4914 primus
739 4827 905 4911 Dyuastiae
929 4825 1073 4912 proxime
1092 4825 1254 4909 sequentis
1272 4847 1330 4889 rex
1353 4833 1412 4889 est.
1458 4824 1530 4887 Vid.

429 4937 463 4994 et
479 4929 607 4993 Eusebii
625 4930 733 4993 Otrou.
749 4932 823 4993 Lat.
839 4928 881 4992 ud
895 4950 947 4991 un.
964 4950 1075 4990 ucxuu.

475 5031 558 5095 lbid.
574 5031 596 5094 1.
613 5053 643 5112 9.
658 5030 849 5110 Ῥαμμεσσῆε
869 5030 934 5096 ἔτος
955 5030 1013 5113 ἓν]
1035 5028 1115 5092 Cum
1136 5027 1268 5112 simplici
1293 5053 1313 5089 σ
1334 5025 1475 5110 Sesliger
1498 5033 1532 5089 et

429 5155 494 5199 una
518 5135 632 5213 um.
647 5134 726 5198 alter
745 5132 918 5196 Parisinus.
964 5130 1121 5194 Eusebius
1141 5128 1240 5193 habet
1259 5130 1421 5209 ’Auuwrie
1441 5129 1459 5189 d
1484 5127 1532 5190 καὶ
