3917 6467
497 1089 563 1153 ³00
814 1090 1062 1169 RELIQUIAE
1088 1093 1264 1158 SACRAE.

497 1251 719 1350 ἀποκρίσεοίς
751 1284 788 1328 τε
824 1250 953 1354 ἔτυχεν,
978 1255 1249 1350 οἰκοδομηθῆναι
1264 1250 1509 1354 Ἰερουσαλὴμ,
1523 1253 1563 1330 καί

498 1384 608 1487 λόγος
635 1385 766 1491 ἐξῆλθε
794 1387 946 1465 κελεύων
973 1394 1095 1465 ταῦτα·
1131 1385 1235 1490 μέχρι
1266 1385 1332 1484 μέν
1360 1385 1433 1489 γὰρ
1460 1388 1565 1466 ἐκείνω

497 1527 561 1599 τοῦ
587 1519 718 1624 χρόνον
743 1521 766 1619 ἡ
793 1519 899 1602 πόλις
924 1518 1101 1622 ἠρήρειντο.
1162 1520 1284 1621 Κύρου
1310 1520 1384 1623 γιίρ
1406 1521 1496 1618 μετὰ
1522 1519 1567 1619 τὴν

497 1658 834 1754 ἑβδομηκονταετίαν
871 1662 935 1754 τῆς
971 1659 1218 1760 αἰχμαλωσίας
1257 1663 1329 1735 τῶν
1362 1657 1569 1754 βουλομένων

497 1793 650 1872 ἕκαστον
668 1794 874 1871 έκουσιαστί
893 1791 1202 1893 καταπέμψωτος,
1220 1796 1254 1871 οἰ
1270 1790 1362 1889 μετὰ
1380 1796 1504 1890 Ἰησοῦ
1526 1798 1589 1883 τοίς

496 1925 658 2028 μεγάλου
677 1925 792 2027 ἰερέως
817 1932 875 2006 καί
895 1924 1109 2027 Ζοροβάβελ
1134 1925 1375 2023 κατελθόντες,
1394 1929 1454 2005 καί
1478 1931 1511 2004 οἰ
1534 1926 1574 2003 dri

495 2060 633 2143 τούτοις
658 2057 881 2165 ἄμαἜσρρ,
899 2059 962 2138 τὸν
990 2059 1077 2138 νεὼν
1104 2065 1296 2156 οἰκοδομεῖν
1322 2061 1523 2140 ἐκωλύοντο
1543 2057 1576 2136 τί

496 2201 634 2297 πρῶτα,
655 2197 712 2273 καί
739 2202 854 2298 τεῖχος
880 2201 925 2298 τῇ
953 2195 1058 2274 πόλει
1085 2193 1328 2296 περιβάλλειν,
1351 2197 1402 2276 ὡς
1429 2197 1473 2303 ού
1499 2227 1577 2274 κεκε-

497 2332 696 2429 λευσμένου
725 2330 861 2412 τούτου.
889 2331 1021 2427 ἔμεινεν
1046 2331 1108 2409 οὖν
1134 2332 1205 2428 (for.
1221 2344 1344 2403 addend.
1374 2332 1503 2433 οὕτως)
1528 2331 1579 2412 ἕως

497 2467 651 2563 Νεεμίου
662 2469 720 2544 καί
733 2467 923 2560 βασιλείας
938 2465 1181 2572 Ἀρταξέρξου
1199 2471 1432 2560 εἰκοσαετοῦς,
1453 2468 1512 2545 καί
1529 2468 1626 2563 animo

498 2607 654 2697 Περσῶν
667 2603 855 2702 ἡγεμονίας
873 2601 970 2685 ἔτους
984 2599 1291 2680 πεισεκαιδεκότου
1305 2602 1364 2678 καί
1382 2600 1580 2679 ἑκατοοτοῦ·

496 2733 568 2815 aiud
596 2736 634 2814 δέ
660 2741 724 2835 τῆς
752 2738 923 2817 ἁλώσεως
949 2732 1188 2837 Ἰερουσαλὴμ
1216 2732 1340 2813 ἑκατὸν
1372 2733 1583 2835 ὀγδοήκοντα

495 2870 599 2950 πέντε
625 2870 685 2969 ἔτη
711 2872 852 2971 γίνεται·
881 2872 939 2948 καί
963 2866 1042 2948 τότε
1066 2865 1239 2961 βασιλεὺς
1257 2867 1505 2974 Ἀρταξέρξης
1521 2867 1580 2946 ε’κέ

496 3016 626 3082 λενσεν
654 3007 925 3103 οἰκοδομηθῆναι
951 3002 1017 3100 τὴν
1048 3000 1165 3082 πόλιν.
1224 3002 1376 3097 Νεεμίας
1408 3001 1447 3080 δέ
1479 3036 1581 3081 κατα·

495 3139 671 3240 πεμφθεὶς
689 3146 752 3215 τοῦ
771 3137 876 3239 ἔργου
901 3137 1072 3238 προέστη,
1097 3172 1119 3234 η
1144 3134 1183 3212 δέ
1206 3135 1415 3241 ᾠκοδομήθη
1438 3143 1585 3214 πλατεῖα
1596 3176 1621 3231 ¹5

496 3281 553 3351 καὶ
567 3274 772 3375 περίτειχος,
782 3277 830 3354 ὡς
841 3272 1100 3377 προεφητεύθη·
1115 3277 1272 3376 κακεῖθεν
1283 3274 1499 3371 ἀριθμοῦσιν
1510 3274 1586 3370 ἡμῖν

495 3404 740 3503 ἑβδομήκοντα
757 3404 950 3501 ἑβδομόδες
968 3411 1017 3486 εἰς
1034 3401 1097 3481 τὸν
1116 3403 1277 3504 Χριστὸν
1295 3413 1562 3483 συντελοῦνται.

554 3543 596 3618 Εἰ
621 3538 692 3638 γὰρ
717 3539 874 3617 ἄλλοθέν
898 3543 1008 3616 ποθεν
1032 3541 1190 3637 ἀριθμεῖν
1213 3536 1422 3642 ἀρξαίμεθα,
1442 3542 1501 3616 καί
1529 3540 1586 3616 ούκ

495 3675 662 3768 ἐντεῦθεν,
681 3674 760 3750 οὔτε
779 3675 798 3748 ό
817 3672 944 3774 χρόνος
966 3675 1227 3771 συνδραμεῖται,
1246 3675 1303 3749 καὶ
1324 3681 1486 3752 πλεῖστα
1509 3674 1586 3751 οἶτο-

495 3859 560 3898 cum
590 3861 655 3898 eum
686 3842 779 3919 ipsum
809 3851 945 3916 rogasset,
972 3860 1017 3897 re.
1056 3858 1232 3916 anuumque
1242 3840 1354 3916 imperii
1363 3840 1516 3898 Persarum
1526 3861 1586 3899 cen·
1596 3859 1626 3897 ao

495 3938 509 3975 a
549 3940 632 3977 usum
647 3921 769 3999 accepit,
779 3931 812 3978 ut
828 3919 1018 3977 oedifioaretur
1067 3919 1202 3976 tesimum
1221 3929 1252 3976 et
1270 3919 1404 3994 quintum
1426 3920 1584 3978 decimum:

497 3938 690 4057 liierusalem.
742 4000 783 4057 Et
808 4019 902 4057 sermo
926 3999 1017 4057 exivit
1067 4019 1132 4056 cnm
1160 4018 1229 4055 vero
1253 4019 1270 4056 a
1295 4011 1378 4076 capta
1403 4000 1585 4059 Hierusalem

494 4096 553 4154 quo
573 4079 667 4153 ipsum
687 4081 742 4138 hoc
753 4080 927 4155 jubebatur:
950 4099 1015 4136 narn
1067 4098 1159 4135 annus
1192 4079 1366 4136 centesimus
1393 4091 1483 4156 atque.
1500 4093 1585 4138 octo·

495 4157 531 4214 ad
560 4157 631 4215 illud
658 4179 749 4236 usque
772 4171 888 4236 tempus
916 4160 1017 4216 civitas
1066 4159 1193 4235 gesimus
1213 4168 1356 4235 ageretur,
1372 4171 1436 4217 turn
1458 4179 1511 4217 rex
1530 4160 1585 4217 Ar-

495 4234 608 4294 deserta
633 4250 784 4296 manserat.
838 4237 913 4295 Cum
938 4239 1015 4296 enirn
1067 4250 1200 4295 taxerxes
1219 4238 1307 4314 jussit
1329 4239 1463 4296 aedificari
1487 4240 1625 4316 civita-25

495 4316 590 4392 Cyrus
604 4330 669 4394 post
690 4318 937 4396 septuagenariam
957 4338 1015 4375 ser·
1067 4330 1136 4383 tem,
1146 4328 1176 4374 et
1185 4319 1216 4374 N
1218 4318 1322 4375 eemias
1334 4337 1410 4376 unus
1424 4339 1526 4376 eorum
1539 4320 1584 4394 qui

493 4395 617 4453 vitutem
624 4397 768 4455 volentem
781 4417 1016 4474 unumquemque
1066 4397 1161 4455 emissi
1178 4399 1302 4462 fuerant,
1312 4399 1391 4476 operi
1408 4399 1544 4476 praefuit:
1559 4408 1586 4455 et

494 4473 658 4533 voluntarie
669 4478 819 4543 emisisset,
830 4478 879 4552 qui
889 4497 954 4535 cum
963 4478 984 4534 J
986 4498 1014 4535 e·
1068 4476 1161 4555 platea
1176 4489 1206 4535 et
1220 4478 1294 4534 muri
1309 4479 1436 4535 ambitus
1449 4479 1587 4536 aedificata

493 4573 527 4611 au
557 4575 660 4632 magno
688 4557 836 4615 sacerdote
866 4569 896 4615 et
924 4557 1016 4614 Zoro.
1066 4567 1143 4621 sunt,
1169 4557 1245 4615 sicut
1272 4556 1404 4615 futurum
1437 4558 1587 4636 prophetia

492 4633 586 4700 babel,
597 4635 705 4712 quique
715 4648 780 4714 post
792 4637 844 4693 hos
859 4638 936 4714 ipsos
950 4657 1015 4695 cum
1067 4636 1287 4712 significaverat.
1330 4637 1404 4695 Inde
1426 4639 1518 4715 igitur
1537 4658 1584 4694 no·
1593 4660 1626 4716 30

495 4712 589 4770 Esdra
626 4714 842 4783 descenderant,
874 4716 1016 4774 aedificare
1067 4716 1584 4794 hisnumerareincipientibus,LXX.

493 4792 636 4870 templum
651 4806 680 4852 et
698 4815 811 4853 murum
832 4796 940 4854 civitati
960 4797 1014 4854 cir·
1066 4795 1259 4854 hebdomades
1278 4798 1308 4853 in
1323 4796 1473 4855 Christum
1488 4798 1583 4856 termi-

493 4871 619 4931 cundare
654 4874 740 4932 initio
777 4876 1013 4951 prohibebantur,
1067 4885 1183 4932 uantur.

493 4962 630 5026 tanquam
646 4954 700 5012 hoc
711 4955 884 5033 imperatum
897 4976 953 5012 non
970 4976 1013 5013 es·
1108 4955 1184 5011 Nam
1210 4956 1233 5013 si
1255 4956 1291 5012 ab
1312 4955 1369 5014 alio
1390 4959 1494 5032 quovis
1514 4969 1583 5014 tem·

492 5042 546 5087 aet.
602 5033 714 5092 Mansit
742 5035 831 5110 igitur
860 5054 950 5110 usque
978 5035 1013 5092 ad
1066 5055 1135 5111 pore
1163 5035 1332 5094 numerandi
1361 5037 1478 5095 initium
1511 5037 1623 5116 sese-35

494 5106 645 5180 Neeniiam
659 5126 688 5171 et
700 5133 820 5191 regnum
833 5117 1012 5181 Artaxerxis,
1065 5116 1165 5180 rimus,
1178 5134 1271 5192 neque
1286 5128 1403 5195 tempus
1413 5120 1508 5197 ipsum
1520 5137 1582 5175 con·
