<?xml version="1.0" encoding="UTF-8"?>
<!DOCTYPE html PUBLIC "-//W3C//DTD XHTML 1.0 Transitional//EN"
    "http://www.w3.org/TR/xhtml1/DTD/xhtml1-transitional.dtd">
<html xmlns="http://www.w3.org/1999/xhtml" xml:lang="en" lang="en">
 <head>
  <title>
</title>
<meta http-equiv="Content-Type" content="text/html;charset=utf-8" />
  <meta name='ocr-system' content='tesseract 3.04.00' />
  <meta name='ocr-capabilities' content='ocr_page ocr_carea ocr_par ocr_line ocrx_word'/>
</head>
<body>
  <div class='ocr_page' id='page_1' title='image "./reliquiaesacrae06routgoog_0486.png"; bbox 0 0 3917 6467; ppageno 0'>
   <div class='ocr_carea' id='block_1_1' title="bbox 420 1083 1144 1150">
    <p class='ocr_par' dir='ltr' id='par_1_1' title="bbox 420 1083 1144 1150">
     <span class='ocr_line' id='line_1_1' title="bbox 420 1083 1144 1150; baseline 0.006 -5"><span class='ocrx_word' id='word_1_1' title='bbox 420 1083 484 1150; x_wconf 76' lang='lat'><strong>476</strong></span> <span class='ocrx_word' id='word_1_2' title='bbox 786 1084 1144 1150; x_wconf 84' lang='lat' dir='ltr'><strong>ANNOTATIONES</strong></span> 
     </span>
    </p>
   </div>
   <div class='ocr_carea' id='block_1_2' title="bbox 422 1235 1513 1424">
    <p class='ocr_par' dir='ltr' id='par_1_2' title="bbox 422 1235 1513 1424">
     <span class='ocr_line' id='line_1_2' title="bbox 459 1235 1513 1327; baseline 0.006 -28"><span class='ocrx_word' id='word_1_3' title='bbox 459 1239 497 1299; x_wconf 91' lang='lat' dir='ltr'><strong>P.</strong></span> <span class='ocrx_word' id='word_1_4' title='bbox 506 1237 576 1317; x_wconf 86' lang='lat'><strong>296.</strong></span> <span class='ocrx_word' id='word_1_5' title='bbox 589 1235 609 1298; x_wconf 89' lang='lat' dir='ltr'><strong>l.</strong></span> <span class='ocrx_word' id='word_1_6' title='bbox 618 1257 634 1300; x_wconf 99' lang='grc'><strong>2</strong></span> <span class='ocrx_word' id='word_1_7' title='bbox 637 1257 667 1321; x_wconf 81' lang='lat'><strong>5.</strong></span> <span class='ocrx_word' id='word_1_8' title='bbox 684 1239 732 1299; x_wconf 77' lang='grc' dir='ltr'>καὶ</span> <span class='ocrx_word' id='word_1_9' title='bbox 742 1240 852 1300; x_wconf 80' lang='grc' dir='ltr'>ἀλλοτι</span> <span class='ocrx_word' id='word_1_10' title='bbox 863 1240 962 1305; x_wconf 76' lang='grc' dir='ltr'>ἄλλως</span> <span class='ocrx_word' id='word_1_11' title='bbox 972 1237 1149 1321; x_wconf 77' lang='grc' dir='ltr'>ἀλλαχόθεν</span> <span class='ocrx_word' id='word_1_12' title='bbox 1158 1238 1290 1327; x_wconf 71' lang='grc' dir='ltr'>πολλοί]</span> <span class='ocrx_word' id='word_1_13' title='bbox 1303 1240 1513 1326; x_wconf 70' lang='lat' dir='ltr'><strong>corrigendum</strong></span> 
     </span>
     <span class='ocr_line' id='line_1_3' title="bbox 422 1338 1472 1424; baseline 0.005 -24"><span class='ocrx_word' id='word_1_14' title='bbox 422 1339 547 1401; x_wconf 83' lang='lat' dir='ltr'><strong>videtur</strong></span> <span class='ocrx_word' id='word_1_15' title='bbox 563 1339 610 1401; x_wconf 79' lang='grc' dir='ltr'>καὶ</span> <span class='ocrx_word' id='word_1_16' title='bbox 625 1341 736 1401; x_wconf 65' lang='lat' dir='ltr'><strong>aaron</strong></span> <span class='ocrx_word' id='word_1_17' title='bbox 752 1341 865 1404; x_wconf 81' lang='grc' dir='ltr'>ἀλλους</span> <span class='ocrx_word' id='word_1_18' title='bbox 880 1338 1067 1421; x_wconf 85' lang='grc' dir='ltr'>ἀλλαχόθεν,</span> <span class='ocrx_word' id='word_1_19' title='bbox 1083 1339 1136 1402; x_wconf 84' lang='lat' dir='ltr'><strong>vel</strong></span> <span class='ocrx_word' id='word_1_20' title='bbox 1153 1339 1323 1424; x_wconf 87' lang='grc' dir='ltr'>ἀλλαχόθι,</span> <span class='ocrx_word' id='word_1_21' title='bbox 1336 1345 1472 1409; x_wconf 79' lang='grc' dir='ltr'><strong>πολλούς.</strong></span> 
     </span>
    </p>
   </div>
   <div class='ocr_carea' id='block_1_3' title="bbox 951 1538 993 1600">
    <p class='ocr_par' dir='ltr' id='par_1_3' title="bbox 951 1538 993 1600">
     <span class='ocr_line' id='line_1_4' title="bbox 951 1538 993 1600; baseline 0 0"><span class='ocrx_word' id='word_1_22' title='bbox 951 1538 993 1600; x_wconf 91' lang='lat' dir='ltr'><strong>L.</strong></span> 
     </span>
    </p>
   </div>
   <div class='ocr_carea' id='block_1_4' title="bbox 425 1672 1548 5211">
    <p class='ocr_par' dir='ltr' id='par_1_4' title="bbox 425 1672 1525 2364">
     <span class='ocr_line' id='line_1_5' title="bbox 470 1672 1522 1755; baseline 0.006 -21"><span class='ocrx_word' id='word_1_23' title='bbox 470 1673 504 1734; x_wconf 91' lang='lat' dir='ltr'><strong>P.</strong></span> <span class='ocrx_word' id='word_1_24' title='bbox 521 1689 594 1753; x_wconf 82' lang='lat'><strong>297.</strong></span> <span class='ocrx_word' id='word_1_25' title='bbox 610 1672 631 1734; x_wconf 98' lang='lat' dir='ltr'><strong>l.</strong></span> <span class='ocrx_word' id='word_1_26' title='bbox 640 1691 673 1755; x_wconf 84' lang='lat'><strong>3.</strong></span> <span class='ocrx_word' id='word_1_27' title='bbox 695 1674 947 1745; x_wconf 79' lang='grc' dir='ltr'><strong>ΑΦΡΙΚΑΝΟΤ,</strong></span> <span class='ocrx_word' id='word_1_28' title='bbox 960 1672 1027 1750; x_wconf 82' lang='grc' dir='ltr'>περὶ</span> <span class='ocrx_word' id='word_1_29' title='bbox 1043 1677 1103 1734; x_wconf 75' lang='lat' dir='ltr'><strong>reio</strong></span> <span class='ocrx_word' id='word_1_30' title='bbox 1123 1675 1199 1735; x_wconf 70' lang='grc' dir='ltr'>κατὰ</span> <span class='ocrx_word' id='word_1_31' title='bbox 1220 1672 1257 1735; x_wconf 82' lang='grc' dir='ltr'><strong>τό</strong></span> <span class='ocrx_word' id='word_1_32' title='bbox 1278 1673 1429 1754; x_wconf 63' lang='grc' dir='ltr'>σωτήριον</span> <span class='ocrx_word' id='word_1_33' title='bbox 1440 1673 1522 1740; x_wconf 72' lang='grc' dir='ltr'>τάθαι</span> 
     </span>
     <span class='ocr_line' id='line_1_6' title="bbox 426 1772 1522 1859; baseline 0.001 -24"><span class='ocrx_word' id='word_1_34' title='bbox 426 1775 498 1856; x_wconf 70' lang='grc' dir='ltr'>δια]</span> <span class='ocrx_word' id='word_1_35' title='bbox 518 1775 599 1836; x_wconf 84' lang='lat' dir='ltr'><strong>Haeo</strong></span> <span class='ocrx_word' id='word_1_36' title='bbox 614 1772 743 1857; x_wconf 83' lang='lat' dir='ltr'><strong>purtim,</strong></span> <span class='ocrx_word' id='word_1_37' title='bbox 754 1773 795 1835; x_wconf 91' lang='lat' dir='ltr'><strong>ad</strong></span> <span class='ocrx_word' id='word_1_38' title='bbox 811 1794 911 1856; x_wconf 87' lang='lat' dir='ltr'><strong>usque</strong></span> <span class='ocrx_word' id='word_1_39' title='bbox 922 1772 1069 1835; x_wconf 88' lang='lat' dir='ltr'><strong>nimirum</strong></span> <span class='ocrx_word' id='word_1_40' title='bbox 1085 1773 1233 1857; x_wconf 58' lang='lat' dir='ltr'><strong>verbere</strong></span> <span class='ocrx_word' id='word_1_41' title='bbox 1246 1775 1370 1854; x_wconf 73' lang='grc' dir='ltr'>Δανιὴλ</span> <span class='ocrx_word' id='word_1_42' title='bbox 1379 1796 1450 1859; x_wconf 76' lang='lat' dir='ltr'><strong>pag.</strong></span> <span class='ocrx_word' id='word_1_43' title='bbox 1464 1776 1522 1855; x_wconf 80' lang='grc'><strong>184.</strong></span> 
     </span>
     <span class='ocr_line' id='line_1_7' title="bbox 425 1874 1524 1961; baseline 0.001 -26"><span class='ocrx_word' id='word_1_44' title='bbox 425 1874 479 1937; x_wconf 89' lang='lat' dir='ltr'><strong>lin.</strong></span> <span class='ocrx_word' id='word_1_45' title='bbox 507 1895 552 1950; x_wconf 77' lang='lat'><strong>¹4.</strong></span> <span class='ocrx_word' id='word_1_46' title='bbox 588 1874 804 1958; x_wconf 67' lang='lat' dir='ltr'><strong>suppeditavit</strong></span> <span class='ocrx_word' id='word_1_47' title='bbox 830 1874 987 1959; x_wconf 81' lang='lat' dir='ltr'>Georgius</span> <span class='ocrx_word' id='word_1_48' title='bbox 1009 1874 1173 1958; x_wconf 83' lang='lat' dir='ltr'><strong>Synoellus</strong></span> <span class='ocrx_word' id='word_1_49' title='bbox 1193 1897 1268 1960; x_wconf 80' lang='lat' dir='ltr'><strong>pag.</strong></span> <span class='ocrx_word' id='word_1_50' title='bbox 1283 1895 1365 1960; x_wconf 81' lang='lat'><strong>323.</strong></span> <span class='ocrx_word' id='word_1_51' title='bbox 1392 1884 1427 1941; x_wconf 88' lang='lat' dir='ltr'><strong>et</strong></span> <span class='ocrx_word' id='word_1_52' title='bbox 1448 1898 1524 1961; x_wconf 87' lang='lat' dir='ltr'><strong>seqq.</strong></span> 
     </span>
     <span class='ocr_line' id='line_1_8' title="bbox 425 1974 1523 2062; baseline 0.005 -24"><span class='ocrx_word' id='word_1_53' title='bbox 425 1999 497 2060; x_wconf 86' lang='lat' dir='ltr'><strong>quae</strong></span> <span class='ocrx_word' id='word_1_54' title='bbox 519 1975 551 2037; x_wconf 91' lang='lat' dir='ltr'><strong>in</strong></span> <span class='ocrx_word' id='word_1_55' title='bbox 566 1974 749 2040; x_wconf 76' lang='grc' dir='ltr'>Εανιάίαιιίι</span> <span class='ocrx_word' id='word_1_56' title='bbox 764 1998 889 2060; x_wconf 90' lang='lat' dir='ltr'><strong>quoque</strong></span> <span class='ocrx_word' id='word_1_57' title='bbox 910 1998 950 2039; x_wconf 80' lang='lat' dir='ltr'><strong>ex</strong></span> <span class='ocrx_word' id='word_1_58' title='bbox 973 1976 1112 2061; x_wconf 78' lang='lat' dir='ltr'><strong>Georgio</strong></span> <span class='ocrx_word' id='word_1_59' title='bbox 1134 1976 1307 2061; x_wconf 78' lang='lat' dir='ltr'><strong>desumpta</strong></span> <span class='ocrx_word' id='word_1_60' title='bbox 1329 1979 1438 2062; x_wconf 85' lang='lat' dir='ltr'><strong>posuit</strong></span> <span class='ocrx_word' id='word_1_61' title='bbox 1457 1980 1523 2048; x_wconf 77' lang='lat' dir='ltr'><strong>Sea·</strong></span> 
     </span>
     <span class='ocr_line' id='line_1_9' title="bbox 425 2076 1525 2162; baseline 0.005 -22"><span class='ocrx_word' id='word_1_62' title='bbox 425 2078 504 2161; x_wconf 80' lang='lat' dir='ltr'><strong>liger</strong></span> <span class='ocrx_word' id='word_1_63' title='bbox 533 2098 605 2161; x_wconf 82' lang='lat' dir='ltr'><strong>pag.</strong></span> <span class='ocrx_word' id='word_1_64' title='bbox 626 2093 677 2160; x_wconf 90' lang='lat'><strong>77.</strong></span> <span class='ocrx_word' id='word_1_65' title='bbox 730 2077 866 2162; x_wconf 79' lang='lat' dir='ltr'><strong>Reliqua</strong></span> <span class='ocrx_word' id='word_1_66' title='bbox 891 2076 1010 2162; x_wconf 86' lang='lat' dir='ltr'><strong>partim</strong></span> <span class='ocrx_word' id='word_1_67' title='bbox 1035 2098 1075 2140; x_wconf 82' lang='lat' dir='ltr'><strong>ex</strong></span> <span class='ocrx_word' id='word_1_68' title='bbox 1102 2077 1243 2142; x_wconf 83' lang='lat' dir='ltr'><strong>Eusebio</strong></span> <span class='ocrx_word' id='word_1_69' title='bbox 1267 2078 1301 2141; x_wconf 88' lang='lat' dir='ltr'><strong>in</strong></span> <span class='ocrx_word' id='word_1_70' title='bbox 1328 2080 1525 2144; x_wconf 67' lang='lat' dir='ltr'><strong>Dammae</strong></span> 
     </span>
     <span class='ocr_line' id='line_1_10' title="bbox 426 2177 1525 2265; baseline 0.003 -23"><span class='ocrx_word' id='word_1_71' title='bbox 426 2181 549 2263; x_wconf 76' lang='lat' dir='ltr'><strong>Eeoap.</strong></span> <span class='ocrx_word' id='word_1_72' title='bbox 572 2187 605 2242; x_wconf 91' lang='lat' dir='ltr'><strong>et</strong></span> <span class='ocrx_word' id='word_1_73' title='bbox 627 2179 751 2264; x_wconf 75' lang='lat' dir='ltr'><strong>Eelopis</strong></span> <span class='ocrx_word' id='word_1_74' title='bbox 766 2179 963 2264; x_wconf 69' lang='lat' dir='ltr'><strong>Proplaieia</strong></span> <span class='ocrx_word' id='word_1_75' title='bbox 978 2177 1097 2262; x_wconf 87' lang='lat' dir='ltr'><strong>partim</strong></span> <span class='ocrx_word' id='word_1_76' title='bbox 1118 2201 1158 2242; x_wconf 83' lang='lat' dir='ltr'><strong>ex</strong></span> <span class='ocrx_word' id='word_1_77' title='bbox 1180 2180 1294 2243; x_wconf 92' lang='lat' dir='ltr'><strong>eodem</strong></span> <span class='ocrx_word' id='word_1_78' title='bbox 1319 2181 1461 2265; x_wconf 65' lang='lat' dir='ltr'><strong>Syaeello</strong></span> <span class='ocrx_word' id='word_1_79' title='bbox 1480 2182 1525 2245; x_wconf 76' lang='lat' dir='ltr'><strong>de.</strong></span> 
     </span>
     <span class='ocr_line' id='line_1_11' title="bbox 426 2290 659 2364; baseline 0.004 -21"><span class='ocrx_word' id='word_1_80' title='bbox 426 2290 557 2364; x_wconf 84' lang='lat' dir='ltr'><strong>sumpta</strong></span> <span class='ocrx_word' id='word_1_81' title='bbox 571 2290 659 2344; x_wconf 82' lang='lat' dir='ltr'><strong>suut.</strong></span> 
     </span>
    </p>

    <p class='ocr_par' dir='ltr' id='par_1_5' title="bbox 427 2379 1527 2648">
     <span class='ocr_line' id='line_1_12' title="bbox 473 2379 1525 2466; baseline 0.003 -22"><span class='ocrx_word' id='word_1_82' title='bbox 473 2381 557 2444; x_wconf 90' lang='lat' dir='ltr'><strong>Ibid.</strong></span> <span class='ocrx_word' id='word_1_83' title='bbox 573 2381 592 2444; x_wconf 94' lang='lat' dir='ltr'><strong>l.</strong></span> <span class='ocrx_word' id='word_1_84' title='bbox 606 2382 636 2442; x_wconf 91' lang='grc'><strong>6.</strong></span> <span class='ocrx_word' id='word_1_85' title='bbox 651 2382 696 2444; x_wconf 83' lang='grc' dir='ltr'><strong>Τὸ</strong></span> <span class='ocrx_word' id='word_1_86' title='bbox 711 2384 745 2445; x_wconf 72' lang='grc' dir='ltr'><strong>δὲ</strong></span> <span class='ocrx_word' id='word_1_87' title='bbox 760 2381 825 2446; x_wconf 80' lang='grc' dir='ltr'>καθ’</span> <span class='ocrx_word' id='word_1_88' title='bbox 840 2382 970 2445; x_wconf 68' lang='grc' dir='ltr'>ἕκαστον</span> <span class='ocrx_word' id='word_1_89' title='bbox 984 2380 1055 2466; x_wconf 72' lang='lat' dir='ltr'><strong>dte]</strong></span> <span class='ocrx_word' id='word_1_90' title='bbox 1068 2379 1222 2444; x_wconf 73' lang='lat' dir='ltr'><strong>Fortasse</strong></span> <span class='ocrx_word' id='word_1_91' title='bbox 1236 2381 1443 2447; x_wconf 87' lang='lat' dir='ltr'><strong>seribeudum</strong></span> <span class='ocrx_word' id='word_1_92' title='bbox 1457 2385 1525 2455; x_wconf 64' lang='lat' dir='ltr'><strong>ree.</strong></span> 
     </span>
     <span class='ocr_line' id='line_1_13' title="bbox 427 2481 1527 2567; baseline -0.001 -21"><span class='ocrx_word' id='word_1_93' title='bbox 427 2482 488 2547; x_wconf 90' lang='lat' dir='ltr'><strong>hoe</strong></span> <span class='ocrx_word' id='word_1_94' title='bbox 502 2491 552 2547; x_wconf 89' lang='lat' dir='ltr'><strong>est</strong></span> <span class='ocrx_word' id='word_1_95' title='bbox 566 2485 584 2562; x_wconf 79' lang='grc' dir='ltr'><em>ἡ</em></span> <span class='ocrx_word' id='word_1_96' title='bbox 599 2485 666 2546; x_wconf 77' lang='grc' dir='ltr'>θεία</span> <span class='ocrx_word' id='word_1_97' title='bbox 681 2485 811 2562; x_wconf 76' lang='grc' dir='ltr'>δύναμις,</span> <span class='ocrx_word' id='word_1_98' title='bbox 824 2482 933 2546; x_wconf 79' lang='lat' dir='ltr'><strong>dieiee</strong></span> <span class='ocrx_word' id='word_1_99' title='bbox 941 2491 1081 2567; x_wconf 72' lang='lat' dir='ltr'><strong>potatas,</strong></span> <span class='ocrx_word' id='word_1_100' title='bbox 1101 2481 1187 2565; x_wconf 93' lang='lat' dir='ltr'><strong>quod</strong></span> <span class='ocrx_word' id='word_1_101' title='bbox 1207 2481 1324 2566; x_wconf 81' lang='lat' dir='ltr'><strong>eolligo</strong></span> <span class='ocrx_word' id='word_1_102' title='bbox 1345 2504 1388 2546; x_wconf 86' lang='lat' dir='ltr'><strong>ex</strong></span> <span class='ocrx_word' id='word_1_103' title='bbox 1407 2503 1527 2566; x_wconf 89' lang='lat' dir='ltr'><strong>sequeu-</strong></span> 
     </span>
     <span class='ocr_line' id='line_1_14' title="bbox 428 2584 524 2648; baseline 0 0"><span class='ocrx_word' id='word_1_104' title='bbox 428 2584 524 2648; x_wconf 91' lang='lat' dir='ltr'><strong>tibus.</strong></span> 
     </span>
    </p>

    <p class='ocr_par' dir='ltr' id='par_1_6' title="bbox 430 2683 1526 2972">
     <span class='ocr_line' id='line_1_15' title="bbox 472 2683 1526 2770; baseline -0.002 -20"><span class='ocrx_word' id='word_1_105' title='bbox 472 2686 555 2750; x_wconf 91' lang='lat' dir='ltr'><strong>Ibid.</strong></span> <span class='ocrx_word' id='word_1_106' title='bbox 579 2685 598 2747; x_wconf 94' lang='lat' dir='ltr'><strong>l.</strong></span> <span class='ocrx_word' id='word_1_107' title='bbox 622 2706 652 2767; x_wconf 88' lang='lat'><strong>9.</strong></span> <span class='ocrx_word' id='word_1_108' title='bbox 676 2685 929 2769; x_wconf 78' lang='grc' dir='ltr'>αὐταρκεστότως]</span> <span class='ocrx_word' id='word_1_109' title='bbox 960 2683 1012 2749; x_wconf 90' lang='lat' dir='ltr'><strong>lta</strong></span> <span class='ocrx_word' id='word_1_110' title='bbox 1037 2685 1139 2750; x_wconf 89' lang='lat' dir='ltr'><strong>edidit</strong></span> <span class='ocrx_word' id='word_1_111' title='bbox 1164 2684 1318 2770; x_wconf 80' lang='lat' dir='ltr'><strong>Scaliger,</strong></span> <span class='ocrx_word' id='word_1_112' title='bbox 1348 2686 1406 2750; x_wconf 88' lang='lat' dir='ltr'><strong>sed</strong></span> <span class='ocrx_word' id='word_1_113' title='bbox 1433 2685 1526 2762; x_wconf 64' lang='grc' dir='ltr'>αι’σαν</span> 
     </span>
     <span class='ocr_line' id='line_1_16' title="bbox 431 2785 1526 2870; baseline -0.001 -21"><span class='ocrx_word' id='word_1_114' title='bbox 431 2791 523 2851; x_wconf 70' lang='lat' dir='ltr'><strong>neoth</strong></span> <span class='ocrx_word' id='word_1_115' title='bbox 531 2793 593 2853; x_wconf 83' lang='grc' dir='ltr'>ταῖς</span> <span class='ocrx_word' id='word_1_116' title='bbox 602 2786 761 2870; x_wconf 77' lang='lat' dir='ltr'><strong>Syoeellaa</strong></span> <span class='ocrx_word' id='word_1_117' title='bbox 773 2787 937 2863; x_wconf 61' lang='lat' dir='ltr'><strong>Guarinus,</strong></span> <span class='ocrx_word' id='word_1_118' title='bbox 949 2787 1197 2867; x_wconf 79' lang='grc' dir='ltr'>αὐταρκεστάταις</span> <span class='ocrx_word' id='word_1_119' title='bbox 1206 2788 1249 2850; x_wconf 85' lang='grc' dir='ltr'><em>Μ</em></span> <span class='ocrx_word' id='word_1_120' title='bbox 1251 2788 1439 2852; x_wconf 69' lang='lat' dir='ltr'><strong>SetiParis.</strong></span> <span class='ocrx_word' id='word_1_121' title='bbox 1451 2785 1526 2870; x_wconf 89' lang='lat' dir='ltr'><strong>quod</strong></span> 
     </span>
     <span class='ocr_line' id='line_1_17' title="bbox 430 2887 860 2972; baseline -0.002 -21"><span class='ocrx_word' id='word_1_122' title='bbox 430 2910 513 2952; x_wconf 88' lang='lat' dir='ltr'><strong>nune</strong></span> <span class='ocrx_word' id='word_1_123' title='bbox 527 2888 648 2972; x_wconf 86' lang='lat' dir='ltr'><strong>reoepit</strong></span> <span class='ocrx_word' id='word_1_124' title='bbox 664 2887 860 2951; x_wconf 82' lang='lat' dir='ltr'><strong>Diudorlius.</strong></span> 
     </span>
    </p>

    <p class='ocr_par' dir='ltr' id='par_1_7' title="bbox 431 2987 1548 3175">
     <span class='ocr_line' id='line_1_18' title="bbox 476 2987 1548 3074; baseline 0.001 -22"><span class='ocrx_word' id='word_1_125' title='bbox 476 2989 560 3052; x_wconf 84' lang='lat' dir='ltr'><strong>Ibid.</strong></span> <span class='ocrx_word' id='word_1_126' title='bbox 576 2990 597 3053; x_wconf 91' lang='lat' dir='ltr'><strong>l.</strong></span> <span class='ocrx_word' id='word_1_127' title='bbox 619 3011 667 3053; x_wconf 91' lang='grc'><strong>11.</strong></span> <span class='ocrx_word' id='word_1_128' title='bbox 683 2993 796 3073; x_wconf 69' lang='grc' dir='ltr'>σεισμῷ</span> <span class='ocrx_word' id='word_1_129' title='bbox 811 2992 857 3074; x_wconf 88' lang='grc' dir='ltr'><strong>τε]</strong></span> <span class='ocrx_word' id='word_1_130' title='bbox 878 3015 911 3053; x_wconf 77' lang='grc' dir='ltr'><strong>τε</strong></span> <span class='ocrx_word' id='word_1_131' title='bbox 933 3012 992 3074; x_wconf 86' lang='lat' dir='ltr'><strong>pro</strong></span> <span class='ocrx_word' id='word_1_132' title='bbox 1012 2993 1044 3053; x_wconf 74' lang='grc' dir='ltr'><strong>δὲ</strong></span> <span class='ocrx_word' id='word_1_133' title='bbox 1059 3011 1098 3053; x_wconf 87' lang='lat' dir='ltr'><strong>ex</strong></span> <span class='ocrx_word' id='word_1_134' title='bbox 1113 2990 1211 3054; x_wconf 77' lang='lat' dir='ltr'><strong>MSlo</strong></span> <span class='ocrx_word' id='word_1_135' title='bbox 1224 2988 1323 3052; x_wconf 76' lang='lat' dir='ltr'><strong>allero</strong></span> <span class='ocrx_word' id='word_1_136' title='bbox 1338 2989 1447 3053; x_wconf 69' lang='lat' dir='ltr'><strong>Paria</strong></span> <span class='ocrx_word' id='word_1_137' title='bbox 1461 2987 1527 3053; x_wconf 80' lang='lat' dir='ltr'><strong>olim</strong></span> <span class='ocrx_word' id='word_1_138' title='bbox 1543 3034 1548 3046; x_wconf 89' lang='lat'><strong>·</strong></span> 
     </span>
     <span class='ocr_line' id='line_1_19' title="bbox 431 3090 920 3175; baseline 0.002 -23"><span class='ocrx_word' id='word_1_139' title='bbox 431 3090 554 3175; x_wconf 86' lang='lat' dir='ltr'><strong>reeepi;</strong></span> <span class='ocrx_word' id='word_1_140' title='bbox 576 3099 610 3156; x_wconf 85' lang='lat' dir='ltr'><strong>et</strong></span> <span class='ocrx_word' id='word_1_141' title='bbox 625 3113 709 3154; x_wconf 88' lang='lat' dir='ltr'><strong>nuno</strong></span> <span class='ocrx_word' id='word_1_142' title='bbox 725 3091 920 3154; x_wconf 88' lang='lat' dir='ltr'><strong>Diudorfius.</strong></span> 
     </span>
    </p>

    <p class='ocr_par' dir='ltr' id='par_1_8' title="bbox 432 3190 1528 3481">
     <span class='ocr_line' id='line_1_20' title="bbox 476 3190 1528 3278; baseline 0 -24"><span class='ocrx_word' id='word_1_143' title='bbox 476 3191 557 3255; x_wconf 91' lang='lat' dir='ltr'><strong>lbid.</strong></span> <span class='ocrx_word' id='word_1_144' title='bbox 574 3192 593 3254; x_wconf 90' lang='lat' dir='ltr'><strong>l.</strong></span> <span class='ocrx_word' id='word_1_145' title='bbox 615 3212 663 3255; x_wconf 90' lang='lat'><strong>12.</strong></span> <span class='ocrx_word' id='word_1_146' title='bbox 680 3194 727 3256; x_wconf 81' lang='grc' dir='ltr'>καὶ</span> <span class='ocrx_word' id='word_1_147' title='bbox 746 3197 798 3270; x_wconf 79' lang='grc' dir='ltr'><strong>τῆς</strong></span> <span class='ocrx_word' id='word_1_148' title='bbox 816 3197 923 3271; x_wconf 75' lang='grc' dir='ltr'>λοιπῆς</span> <span class='ocrx_word' id='word_1_149' title='bbox 942 3198 997 3274; x_wconf 77' lang='grc' dir='ltr'><strong>γῆς</strong></span> <span class='ocrx_word' id='word_1_150' title='bbox 1017 3193 1210 3278; x_wconf 77' lang='grc' dir='ltr'>κατεῤῥίφθη]</span> <span class='ocrx_word' id='word_1_151' title='bbox 1236 3191 1394 3256; x_wconf 78' lang='lat' dir='ltr'><strong>conseras</strong></span> <span class='ocrx_word' id='word_1_152' title='bbox 1409 3190 1528 3255; x_wconf 85' lang='lat' dir='ltr'><strong>Eusebii</strong></span> 
     </span>
     <span class='ocr_line' id='line_1_21' title="bbox 435 3294 1528 3379; baseline 0.002 -23"><span class='ocrx_word' id='word_1_153' title='bbox 435 3294 542 3358; x_wconf 79' lang='lat' dir='ltr'><strong>Olren.</strong></span> <span class='ocrx_word' id='word_1_154' title='bbox 559 3317 598 3358; x_wconf 84' lang='lat' dir='ltr'><strong>ex</strong></span> <span class='ocrx_word' id='word_1_155' title='bbox 614 3295 759 3379; x_wconf 80' lang='lat' dir='ltr'><strong>Syneello</strong></span> <span class='ocrx_word' id='word_1_156' title='bbox 770 3318 791 3357; x_wconf 90' lang='lat' dir='ltr'><strong>a</strong></span> <span class='ocrx_word' id='word_1_157' title='bbox 805 3316 857 3358; x_wconf 91' lang='lat' dir='ltr'><strong>me</strong></span> <span class='ocrx_word' id='word_1_158' title='bbox 871 3295 1004 3358; x_wconf 86' lang='lat' dir='ltr'><strong>allatum</strong></span> <span class='ocrx_word' id='word_1_159' title='bbox 1019 3295 1102 3357; x_wconf 84' lang='lat' dir='ltr'><strong>infra</strong></span> <span class='ocrx_word' id='word_1_160' title='bbox 1118 3316 1148 3378; x_wconf 89' lang='lat' dir='ltr'><strong>p.</strong></span> <span class='ocrx_word' id='word_1_161' title='bbox 1160 3295 1232 3373; x_wconf 84' lang='lat'><strong>478.</strong></span> <span class='ocrx_word' id='word_1_162' title='bbox 1245 3297 1421 3376; x_wconf 72' lang='grc' dir='ltr'>Κατεῤῥίφη</span> <span class='ocrx_word' id='word_1_163' title='bbox 1434 3294 1528 3358; x_wconf 68' lang='lat' dir='ltr'><strong>celei</strong></span> 
     </span>
     <span class='ocr_line' id='line_1_22' title="bbox 432 3396 1506 3481; baseline 0.002 -23"><span class='ocrx_word' id='word_1_164' title='bbox 432 3405 550 3479; x_wconf 66' lang='lat' dir='ltr'><strong>praeter</strong></span> <span class='ocrx_word' id='word_1_165' title='bbox 566 3399 640 3459; x_wconf 75' lang='lat' dir='ltr'><strong>MS.</strong></span> <span class='ocrx_word' id='word_1_166' title='bbox 657 3397 787 3459; x_wconf 75' lang='lat' dir='ltr'><strong>alteram</strong></span> <span class='ocrx_word' id='word_1_167' title='bbox 803 3398 907 3460; x_wconf 76' lang='lat' dir='ltr'><strong>Paris.</strong></span> <span class='ocrx_word' id='word_1_168' title='bbox 924 3405 957 3461; x_wconf 88' lang='lat' dir='ltr'><strong>et</strong></span> <span class='ocrx_word' id='word_1_169' title='bbox 973 3396 1173 3459; x_wconf 88' lang='lat' dir='ltr'><strong>Dindorfium</strong></span> <span class='ocrx_word' id='word_1_170' title='bbox 1190 3418 1274 3458; x_wconf 88' lang='lat' dir='ltr'><strong>nune</strong></span> <span class='ocrx_word' id='word_1_171' title='bbox 1290 3397 1506 3481; x_wconf 76' lang='lat' dir='ltr'>corrigentem</span> 
     </span>
    </p>

    <p class='ocr_par' dir='ltr' id='par_1_9' title="bbox 432 3497 1534 4601">
     <span class='ocr_line' id='line_1_23' title="bbox 477 3497 1528 3583; baseline 0.004 -24"><span class='ocrx_word' id='word_1_172' title='bbox 477 3498 585 3561; x_wconf 88' lang='lat' dir='ltr'><strong>Ibid.l</strong></span> <span class='ocrx_word' id='word_1_173' title='bbox 618 3518 667 3581; x_wconf 87' lang='lat'><strong>13·</strong></span> <span class='ocrx_word' id='word_1_174' title='bbox 685 3498 813 3564; x_wconf 81' lang='grc' dir='ltr'>Θάλλος</span> <span class='ocrx_word' id='word_1_175' title='bbox 829 3500 974 3561; x_wconf 79' lang='grc' dir='ltr'>ἀποκαλεῖ</span> <span class='ocrx_word' id='word_1_176' title='bbox 991 3498 1060 3581; x_wconf 75' lang='lat' dir='ltr'><strong>tre]</strong></span> <span class='ocrx_word' id='word_1_177' title='bbox 1083 3498 1148 3560; x_wconf 88' lang='lat' dir='ltr'><strong>Pro</strong></span> <span class='ocrx_word' id='word_1_178' title='bbox 1168 3497 1217 3559; x_wconf 92' lang='lat' dir='ltr'><strong>his</strong></span> <span class='ocrx_word' id='word_1_179' title='bbox 1233 3497 1339 3560; x_wconf 87' lang='lat' dir='ltr'><strong>verbis</strong></span> <span class='ocrx_word' id='word_1_180' title='bbox 1360 3498 1465 3583; x_wconf 86' lang='lat' dir='ltr'><strong>inepte</strong></span> <span class='ocrx_word' id='word_1_181' title='bbox 1479 3499 1528 3563; x_wconf 81' lang='lat' dir='ltr'><strong>(le-</strong></span> 
     </span>
     <span class='ocr_line' id='line_1_24' title="bbox 432 3599 1528 3684; baseline 0.003 -24"><span class='ocrx_word' id='word_1_182' title='bbox 432 3600 548 3662; x_wconf 88' lang='lat' dir='ltr'><strong>drenus</strong></span> <span class='ocrx_word' id='word_1_183' title='bbox 568 3599 600 3661; x_wconf 91' lang='lat' dir='ltr'><strong>in</strong></span> <span class='ocrx_word' id='word_1_184' title='bbox 616 3600 835 3662; x_wconf 71' lang='lat' dir='ltr'><strong>Historiarum</strong></span> <span class='ocrx_word' id='word_1_185' title='bbox 851 3601 1014 3684; x_wconf 71' lang='lat' dir='ltr'><strong>Conpreed.</strong></span> <span class='ocrx_word' id='word_1_186' title='bbox 1034 3603 1064 3662; x_wconf 85' lang='lat' dir='ltr'><strong>ol</strong></span> <span class='ocrx_word' id='word_1_187' title='bbox 1077 3599 1216 3662; x_wconf 82' lang='grc' dir='ltr'>Ἰουδαῖοι</span> <span class='ocrx_word' id='word_1_188' title='bbox 1237 3606 1396 3679; x_wconf 81' lang='grc' dir='ltr'>καλοῦσιν,</span> <span class='ocrx_word' id='word_1_189' title='bbox 1411 3602 1528 3679; x_wconf 74' lang='grc' dir='ltr'><strong>ἀλόγως.</strong></span> 
     </span>
     <span class='ocr_line' id='line_1_25' title="bbox 432 3696 1528 3783; baseline -0.005 -22"><span class='ocrx_word' id='word_1_190' title='bbox 432 3700 471 3763; x_wconf 76' lang='grc' dir='ltr'><strong>ὡς</strong></span> <span class='ocrx_word' id='word_1_191' title='bbox 487 3699 551 3777; x_wconf 71' lang='grc' dir='ltr'>ἐμοὶ</span> <span class='ocrx_word' id='word_1_192' title='bbox 567 3701 614 3761; x_wconf 81' lang='grc' dir='ltr'>καὶ</span> <span class='ocrx_word' id='word_1_193' title='bbox 630 3702 665 3783; x_wconf 80' lang='grc' dir='ltr'><strong>τῇ</strong></span> <span class='ocrx_word' id='word_1_194' title='bbox 682 3700 806 3782; x_wconf 74' lang='grc' dir='ltr'>ἀληθείᾳ</span> <span class='ocrx_word' id='word_1_195' title='bbox 821 3703 911 3761; x_wconf 80' lang='grc' dir='ltr'>δοκεῖ.</span> <span class='ocrx_word' id='word_1_196' title='bbox 934 3721 964 3783; x_wconf 92' lang='lat' dir='ltr'><strong>p.</strong></span> <span class='ocrx_word' id='word_1_197' title='bbox 985 3701 1057 3780; x_wconf 82' lang='lat'><strong>189.</strong></span> <span class='ocrx_word' id='word_1_198' title='bbox 1073 3700 1122 3760; x_wconf 90' lang='lat' dir='ltr'><strong>ed.</strong></span> <span class='ocrx_word' id='word_1_199' title='bbox 1141 3696 1245 3761; x_wconf 90' lang='lat' dir='ltr'><strong>Paris.</strong></span> <span class='ocrx_word' id='word_1_200' title='bbox 1262 3720 1295 3781; x_wconf 92' lang='lat' dir='ltr'><strong>p.</strong></span> <span class='ocrx_word' id='word_1_201' title='bbox 1307 3716 1385 3780; x_wconf 84' lang='lat'><strong>331.</strong></span> <span class='ocrx_word' id='word_1_202' title='bbox 1398 3696 1447 3759; x_wconf 92' lang='lat' dir='ltr'><strong>ed.</strong></span> <span class='ocrx_word' id='word_1_203' title='bbox 1463 3717 1528 3757; x_wconf 80' lang='lat' dir='ltr'><strong>nov.</strong></span> 
     </span>
     <span class='ocr_line' id='line_1_26' title="bbox 432 3801 1530 3888; baseline -0.004 -22"><span class='ocrx_word' id='word_1_204' title='bbox 432 3803 485 3887; x_wconf 93' lang='lat' dir='ltr'><strong>qui</strong></span> <span class='ocrx_word' id='word_1_205' title='bbox 500 3803 619 3888; x_wconf 87' lang='lat' dir='ltr'><strong>partim</strong></span> <span class='ocrx_word' id='word_1_206' title='bbox 634 3802 771 3866; x_wconf 85' lang='lat' dir='ltr'><strong>adduxit</strong></span> <span class='ocrx_word' id='word_1_207' title='bbox 785 3802 854 3866; x_wconf 86' lang='lat' dir='ltr'><strong>haee</strong></span> <span class='ocrx_word' id='word_1_208' title='bbox 869 3802 1024 3878; x_wconf 86' lang='lat' dir='ltr'><strong>Africani,</strong></span> <span class='ocrx_word' id='word_1_209' title='bbox 1034 3823 1133 3887; x_wconf 89' lang='lat' dir='ltr'><strong>usque</strong></span> <span class='ocrx_word' id='word_1_210' title='bbox 1148 3803 1189 3865; x_wconf 87' lang='lat' dir='ltr'><strong>ed</strong></span> <span class='ocrx_word' id='word_1_211' title='bbox 1206 3801 1282 3864; x_wconf 89' lang='lat' dir='ltr'><strong>illud</strong></span> <span class='ocrx_word' id='word_1_212' title='bbox 1299 3801 1418 3880; x_wconf 83' lang='grc' dir='ltr'>συνέβη</span> <span class='ocrx_word' id='word_1_213' title='bbox 1432 3806 1530 3863; x_wconf 82' lang='grc' dir='ltr'>παθεῖν</span> 
     </span>
     <span class='ocr_line' id='line_1_27' title="bbox 432 3902 1528 3989; baseline -0.003 -23"><span class='ocrx_word' id='word_1_214' title='bbox 432 3904 451 3966; x_wconf 91' lang='lat' dir='ltr'><strong>l.</strong></span> <span class='ocrx_word' id='word_1_215' title='bbox 471 3925 519 3970; x_wconf 84' lang='lat'><strong>12.</strong></span> <span class='ocrx_word' id='word_1_216' title='bbox 536 3927 567 3989; x_wconf 92' lang='lat' dir='ltr'><strong>p.</strong></span> <span class='ocrx_word' id='word_1_217' title='bbox 587 3904 657 3985; x_wconf 87' lang='lat'><strong>184.</strong></span> <span class='ocrx_word' id='word_1_218' title='bbox 704 3904 857 3967; x_wconf 78' lang='lat' dir='ltr'><strong>Thallum</strong></span> <span class='ocrx_word' id='word_1_219' title='bbox 876 3911 985 3968; x_wconf 85' lang='lat' dir='ltr'><strong>autem</strong></span> <span class='ocrx_word' id='word_1_220' title='bbox 1007 3903 1170 3988; x_wconf 78' lang='lat' dir='ltr'><strong>Syriacam</strong></span> <span class='ocrx_word' id='word_1_221' title='bbox 1190 3903 1358 3966; x_wconf 80' lang='lat' dir='ltr'><strong>historiam</strong></span> <span class='ocrx_word' id='word_1_222' title='bbox 1380 3902 1528 3987; x_wconf 80' lang='lat' dir='ltr'><strong>conserip-</strong></span> 
     </span>
     <span class='ocr_line' id='line_1_28' title="bbox 433 4003 1531 4090; baseline -0.005 -21"><span class='ocrx_word' id='word_1_223' title='bbox 433 4005 509 4069; x_wconf 87' lang='lat' dir='ltr'><strong>sisee</strong></span> <span class='ocrx_word' id='word_1_224' title='bbox 525 4006 626 4071; x_wconf 79' lang='lat' dir='ltr'><strong>tradit</strong></span> <span class='ocrx_word' id='word_1_225' title='bbox 641 4028 737 4090; x_wconf 91' lang='lat' dir='ltr'><strong>supra</strong></span> <span class='ocrx_word' id='word_1_226' title='bbox 753 4005 925 4069; x_wconf 80' lang='lat' dir='ltr'><strong>Africanus</strong></span> <span class='ocrx_word' id='word_1_227' title='bbox 941 4006 1036 4069; x_wconf 91' lang='lat' dir='ltr'><strong>Num.</strong></span> <span class='ocrx_word' id='word_1_228' title='bbox 1054 4029 1132 4067; x_wconf 80' lang='lat' dir='ltr'><strong>xxm.</strong></span> <span class='ocrx_word' id='word_1_229' title='bbox 1145 4026 1217 4089; x_wconf 85' lang='lat' dir='ltr'><strong>pag.</strong></span> <span class='ocrx_word' id='word_1_230' title='bbox 1229 4021 1302 4085; x_wconf 86' lang='grc'><strong>272.</strong></span> <span class='ocrx_word' id='word_1_231' title='bbox 1333 4003 1386 4067; x_wconf 90' lang='lat' dir='ltr'><strong>De</strong></span> <span class='ocrx_word' id='word_1_232' title='bbox 1401 4027 1439 4068; x_wconf 89' lang='lat' dir='ltr'><strong>eo</strong></span> <span class='ocrx_word' id='word_1_233' title='bbox 1453 4025 1531 4065; x_wconf 87' lang='lat' dir='ltr'><strong>men-</strong></span> 
     </span>
     <span class='ocr_line' id='line_1_29' title="bbox 433 4105 1531 4192; baseline -0.003 -22"><span class='ocrx_word' id='word_1_234' title='bbox 433 4107 552 4170; x_wconf 85' lang='lat' dir='ltr'><strong>tionem</strong></span> <span class='ocrx_word' id='word_1_235' title='bbox 567 4108 643 4172; x_wconf 82' lang='lat' dir='ltr'><strong>l&#39;eeit</strong></span> <span class='ocrx_word' id='word_1_236' title='bbox 658 4108 790 4191; x_wconf 87' lang='lat' dir='ltr'><strong>primus,</strong></span> <span class='ocrx_word' id='word_1_237' title='bbox 806 4108 890 4191; x_wconf 90' lang='lat' dir='ltr'><strong>quod</strong></span> <span class='ocrx_word' id='word_1_238' title='bbox 907 4107 1017 4182; x_wconf 84' lang='lat' dir='ltr'><strong>seiam,</strong></span> <span class='ocrx_word' id='word_1_239' title='bbox 1028 4106 1224 4192; x_wconf 80' lang='lat' dir='ltr'><strong>Theophilus</strong></span> <span class='ocrx_word' id='word_1_240' title='bbox 1238 4105 1471 4183; x_wconf 76' lang='lat' dir='ltr'><strong>Antiochense,</strong></span> <span class='ocrx_word' id='word_1_241' title='bbox 1484 4105 1531 4188; x_wconf 91' lang='lat' dir='ltr'><strong>qui</strong></span> 
     </span>
     <span class='ocr_line' id='line_1_30' title="bbox 432 4207 1530 4283; baseline -0.005 -10"><span class='ocrx_word' id='word_1_242' title='bbox 432 4217 509 4273; x_wconf 88' lang='lat' dir='ltr'><strong>ante</strong></span> <span class='ocrx_word' id='word_1_243' title='bbox 523 4209 649 4273; x_wconf 90' lang='lat' dir='ltr'><strong>finitum</strong></span> <span class='ocrx_word' id='word_1_244' title='bbox 665 4209 815 4273; x_wconf 83' lang='lat' dir='ltr'><strong>eaeoulum</strong></span> <span class='ocrx_word' id='word_1_245' title='bbox 830 4210 1004 4272; x_wconf 84' lang='lat' dir='ltr'><strong>seeundum</strong></span> <span class='ocrx_word' id='word_1_246' title='bbox 1019 4209 1137 4283; x_wconf 77' lang='lat' dir='ltr'><strong>floruit,</strong></span> <span class='ocrx_word' id='word_1_247' title='bbox 1147 4208 1228 4270; x_wconf 88' lang='lat' dir='ltr'><strong>libro</strong></span> <span class='ocrx_word' id='word_1_248' title='bbox 1243 4207 1343 4271; x_wconf 86' lang='lat' dir='ltr'><strong>tertio</strong></span> <span class='ocrx_word' id='word_1_249' title='bbox 1359 4210 1419 4271; x_wconf 92' lang='lat' dir='ltr'><strong>sub</strong></span> <span class='ocrx_word' id='word_1_250' title='bbox 1434 4210 1530 4270; x_wconf 87' lang='lat' dir='ltr'><strong>finem.</strong></span> 
     </span>
     <span class='ocr_line' id='line_1_31' title="bbox 435 4310 1533 4374; baseline -0.001 -1"><span class='ocrx_word' id='word_1_251' title='bbox 435 4311 696 4374; x_wconf 84' lang='lat' dir='ltr'><strong>Pseudo-Justini</strong></span> <span class='ocrx_word' id='word_1_252' title='bbox 712 4311 796 4374; x_wconf 87' lang='lat' dir='ltr'><strong>euim</strong></span> <span class='ocrx_word' id='word_1_253' title='bbox 810 4311 1047 4374; x_wconf 76' lang='lat' dir='ltr'><strong>Uolortotioeem</strong></span> <span class='ocrx_word' id='word_1_254' title='bbox 1060 4311 1106 4373; x_wconf 84' lang='lat' dir='ltr'><strong>ed</strong></span> <span class='ocrx_word' id='word_1_255' title='bbox 1116 4312 1235 4372; x_wconf 62' lang='grc' dir='ltr'>(ἔσσεαι</span> <span class='ocrx_word' id='word_1_256' title='bbox 1248 4310 1458 4372; x_wconf 77' lang='lat' dir='ltr'><strong>recentiorem</strong></span> <span class='ocrx_word' id='word_1_257' title='bbox 1470 4331 1533 4372; x_wconf 83' lang='lat' dir='ltr'><strong>esse</strong></span> 
     </span>
     <span class='ocr_line' id='line_1_32' title="bbox 434 4411 1533 4498; baseline -0.002 -24"><span class='ocrx_word' id='word_1_258' title='bbox 434 4413 509 4475; x_wconf 87' lang='lat' dir='ltr'><strong>dixi.</strong></span> <span class='ocrx_word' id='word_1_259' title='bbox 564 4413 697 4497; x_wconf 83' lang='lat' dir='ltr'><strong>Scripsit</strong></span> <span class='ocrx_word' id='word_1_260' title='bbox 724 4413 823 4498; x_wconf 86' lang='lat' dir='ltr'><strong>igitur</strong></span> <span class='ocrx_word' id='word_1_261' title='bbox 850 4412 987 4476; x_wconf 87' lang='lat' dir='ltr'><strong>Thallus</strong></span> <span class='ocrx_word' id='word_1_262' title='bbox 1015 4412 1101 4475; x_wconf 90' lang='lat' dir='ltr'><strong>iuter</strong></span> <span class='ocrx_word' id='word_1_263' title='bbox 1125 4411 1244 4476; x_wconf 82' lang='lat' dir='ltr'><strong>Christi</strong></span> <span class='ocrx_word' id='word_1_264' title='bbox 1274 4420 1411 4476; x_wconf 85' lang='lat' dir='ltr'><strong>mortem</strong></span> <span class='ocrx_word' id='word_1_265' title='bbox 1441 4421 1533 4494; x_wconf 89' lang='lat' dir='ltr'><strong>atque</strong></span> 
     </span>
     <span class='ocr_line' id='line_1_33' title="bbox 435 4512 1534 4601; baseline -0.005 -25"><span class='ocrx_word' id='word_1_266' title='bbox 435 4513 600 4598; x_wconf 88' lang='lat' dir='ltr'><strong>Theophili</strong></span> <span class='ocrx_word' id='word_1_267' title='bbox 613 4524 746 4601; x_wconf 90' lang='lat' dir='ltr'><strong>tempus.</strong></span> <span class='ocrx_word' id='word_1_268' title='bbox 772 4516 821 4578; x_wconf 94' lang='lat' dir='ltr'><strong>De</strong></span> <span class='ocrx_word' id='word_1_269' title='bbox 835 4537 873 4579; x_wconf 92' lang='lat' dir='ltr'><strong>eo</strong></span> <span class='ocrx_word' id='word_1_270' title='bbox 884 4515 978 4578; x_wconf 88' lang='lat' dir='ltr'><strong>silent</strong></span> <span class='ocrx_word' id='word_1_271' title='bbox 991 4513 1145 4576; x_wconf 84' lang='lat' dir='ltr'><strong>Historiae</strong></span> <span class='ocrx_word' id='word_1_272' title='bbox 1162 4512 1344 4575; x_wconf 83' lang='lat' dir='ltr'><strong>Litterariae</strong></span> <span class='ocrx_word' id='word_1_273' title='bbox 1357 4512 1534 4597; x_wconf 83' lang='lat' dir='ltr'><strong>scriptores.</strong></span> 
     </span>
    </p>

    <p class='ocr_par' dir='ltr' id='par_1_10' title="bbox 437 4614 1535 4800">
     <span class='ocr_line' id='line_1_34' title="bbox 480 4614 1535 4702; baseline -0.001 -24"><span class='ocrx_word' id='word_1_274' title='bbox 480 4617 560 4680; x_wconf 88' lang='lat' dir='ltr'><strong>Ibid.</strong></span> <span class='ocrx_word' id='word_1_275' title='bbox 573 4617 593 4680; x_wconf 93' lang='lat' dir='ltr'><strong>l.</strong></span> <span class='ocrx_word' id='word_1_276' title='bbox 607 4635 655 4702; x_wconf 80' lang='lat'><strong>15.</strong></span> <span class='ocrx_word' id='word_1_277' title='bbox 669 4622 742 4681; x_wconf 82' lang='grc' dir='ltr'>κατὰ</span> <span class='ocrx_word' id='word_1_278' title='bbox 757 4620 888 4695; x_wconf 76' lang='grc' dir='ltr'>σελήνης</span> <span class='ocrx_word' id='word_1_279' title='bbox 903 4615 962 4701; x_wconf 82' lang='grc' dir='ltr'><strong>ιδ’.]</strong></span> <span class='ocrx_word' id='word_1_280' title='bbox 982 4616 1037 4679; x_wconf 87' lang='lat' dir='ltr'><strong>Ita</strong></span> <span class='ocrx_word' id='word_1_281' title='bbox 1051 4615 1197 4678; x_wconf 82' lang='lat' dir='ltr'><strong>ediderat</strong></span> <span class='ocrx_word' id='word_1_282' title='bbox 1212 4615 1364 4699; x_wconf 84' lang='lat' dir='ltr'><strong>Scaliger.</strong></span> <span class='ocrx_word' id='word_1_283' title='bbox 1408 4614 1535 4679; x_wconf 87' lang='lat' dir='ltr'><strong>Habent</strong></span> 
     </span>
     <span class='ocr_line' id='line_1_35' title="bbox 437 4718 1410 4800; baseline 0 -20"><span class='ocrx_word' id='word_1_284' title='bbox 437 4719 595 4800; x_wconf 74' lang='lat' dir='ltr'><strong>Syeeellae</strong></span> <span class='ocrx_word' id='word_1_285' title='bbox 610 4728 643 4782; x_wconf 88' lang='lat' dir='ltr'><strong>et</strong></span> <span class='ocrx_word' id='word_1_286' title='bbox 660 4720 814 4783; x_wconf 81' lang='lat' dir='ltr'><strong>Cedrenas</strong></span> <span class='ocrx_word' id='word_1_287' title='bbox 830 4722 903 4783; x_wconf 80' lang='grc' dir='ltr'>κατὰ</span> <span class='ocrx_word' id='word_1_288' title='bbox 918 4718 1059 4797; x_wconf 81' lang='grc' dir='ltr'>σελήνην.</span> <span class='ocrx_word' id='word_1_289' title='bbox 1237 4777 1243 4791; x_wconf 90' lang='grc'>,</span> <span class='ocrx_word' id='word_1_290' title='bbox 1401 4723 1410 4737; x_wconf 63' lang='lat'>‘</span> 
     </span>
    </p>

    <p class='ocr_par' dir='ltr' id='par_1_11' title="bbox 437 4819 1535 5211">
     <span class='ocr_line' id='line_1_36' title="bbox 482 4819 1535 4905; baseline 0 -23"><span class='ocrx_word' id='word_1_291' title='bbox 482 4822 565 4883; x_wconf 91' lang='lat' dir='ltr'><strong>Ibid.</strong></span> <span class='ocrx_word' id='word_1_292' title='bbox 580 4821 637 4901; x_wconf 85' lang='grc' dir='ltr'><strong>πρὸ</strong></span> <span class='ocrx_word' id='word_1_293' title='bbox 653 4823 685 4884; x_wconf 68' lang='grc' dir='ltr'><strong>δὲ</strong></span> <span class='ocrx_word' id='word_1_294' title='bbox 700 4826 749 4899; x_wconf 76' lang='grc' dir='ltr'><strong>τῆς</strong></span> <span class='ocrx_word' id='word_1_295' title='bbox 763 4819 1006 4905; x_wconf 59' lang='lat' dir='ltr'><strong>pas—weles]</strong></span> <span class='ocrx_word' id='word_1_296' title='bbox 1025 4821 1080 4883; x_wconf 89' lang='lat' dir='ltr'><strong>lta</strong></span> <span class='ocrx_word' id='word_1_297' title='bbox 1094 4841 1134 4882; x_wconf 84' lang='lat' dir='ltr'><strong>ex</strong></span> <span class='ocrx_word' id='word_1_298' title='bbox 1153 4819 1284 4882; x_wconf 72' lang='lat' dir='ltr'><strong>cedrea</strong></span> <span class='ocrx_word' id='word_1_299' title='bbox 1300 4819 1397 4882; x_wconf 87' lang='lat' dir='ltr'><strong>edidi.</strong></span> <span class='ocrx_word' id='word_1_300' title='bbox 1439 4820 1535 4882; x_wconf 82' lang='lat' dir='ltr'><strong>Deest</strong></span> 
     </span>
     <span class='ocr_line' id='line_1_37' title="bbox 437 4920 1532 5007; baseline 0 -24"><span class='ocrx_word' id='word_1_301' title='bbox 437 4927 496 4999; x_wconf 77' lang='grc' dir='ltr'><strong>τῆς,</strong></span> <span class='ocrx_word' id='word_1_302' title='bbox 512 4945 550 4986; x_wconf 89' lang='lat' dir='ltr'><strong>ae</strong></span> <span class='ocrx_word' id='word_1_303' title='bbox 572 4923 688 5007; x_wconf 84' lang='lat' dir='ltr'><strong>legitur</strong></span> <span class='ocrx_word' id='word_1_304' title='bbox 711 4925 879 5001; x_wconf 81' lang='grc' dir='ltr'>συμβαίνει,</span> <span class='ocrx_word' id='word_1_305' title='bbox 896 4923 982 5006; x_wconf 92' lang='lat' dir='ltr'><strong>apud</strong></span> <span class='ocrx_word' id='word_1_306' title='bbox 1006 4922 1122 5004; x_wconf 77' lang='lat' dir='ltr'><strong>Syeeel.</strong></span> <span class='ocrx_word' id='word_1_307' title='bbox 1139 4930 1172 4984; x_wconf 90' lang='lat' dir='ltr'><strong>et</strong></span> <span class='ocrx_word' id='word_1_308' title='bbox 1196 4920 1347 5004; x_wconf 79' lang='lat' dir='ltr'><strong>Scaligeri</strong></span> <span class='ocrx_word' id='word_1_309' title='bbox 1363 4920 1532 4985; x_wconf 77' lang='lat' dir='ltr'><strong>Eusebium.</strong></span> 
     </span>
     <span class='ocr_line' id='line_1_38' title="bbox 439 5023 1532 5108; baseline 0 -24"><span class='ocrx_word' id='word_1_310' title='bbox 439 5025 505 5102; x_wconf 87' lang='grc' dir='ltr'><strong>Πρὸ</strong></span> <span class='ocrx_word' id='word_1_311' title='bbox 526 5028 557 5087; x_wconf 78' lang='grc' dir='ltr'><strong>δὲ</strong></span> <span class='ocrx_word' id='word_1_312' title='bbox 577 5029 627 5102; x_wconf 78' lang='grc' dir='ltr'><strong>τῆς</strong></span> <span class='ocrx_word' id='word_1_313' title='bbox 650 5030 718 5103; x_wconf 78' lang='grc' dir='ltr'>μιᾶς</span> <span class='ocrx_word' id='word_1_314' title='bbox 743 5030 792 5086; x_wconf 79' lang='grc' dir='ltr'><strong>τοῦ</strong></span> <span class='ocrx_word' id='word_1_315' title='bbox 816 5023 938 5106; x_wconf 83' lang='grc' dir='ltr'>πάσχα;</span> <span class='ocrx_word' id='word_1_316' title='bbox 960 5035 1030 5087; x_wconf 64' lang='lat' dir='ltr'><strong>aaa</strong></span> <span class='ocrx_word' id='word_1_317' title='bbox 1047 5024 1223 5108; x_wconf 73' lang='lat' dir='ltr'><strong>poetridiem</strong></span> <span class='ocrx_word' id='word_1_318' title='bbox 1243 5025 1375 5107; x_wconf 68' lang='lat' dir='ltr'><strong>ptesclae.</strong></span> <span class='ocrx_word' id='word_1_319' title='bbox 1421 5024 1532 5090; x_wconf 76' lang='lat' dir='ltr'><strong>Confer</strong></span> 
     </span>
     <span class='ocr_line' id='line_1_39' title="bbox 438 5126 1214 5211; baseline 0.005 -27"><span class='ocrx_word' id='word_1_320' title='bbox 438 5135 504 5189; x_wconf 87' lang='lat' dir='ltr'><strong>not.</strong></span> <span class='ocrx_word' id='word_1_321' title='bbox 523 5149 618 5211; x_wconf 82' lang='lat' dir='ltr'><strong>supra</strong></span> <span class='ocrx_word' id='word_1_322' title='bbox 634 5128 673 5190; x_wconf 90' lang='lat' dir='ltr'><strong>ad</strong></span> <span class='ocrx_word' id='word_1_323' title='bbox 691 5127 722 5190; x_wconf 88' lang='lat' dir='ltr'><strong>S.</strong></span> <span class='ocrx_word' id='word_1_324' title='bbox 735 5126 1080 5191; x_wconf 77' lang='lat' dir='ltr'><strong>APOLLINAREM.</strong></span> <span class='ocrx_word' id='word_1_325' title='bbox 1097 5149 1129 5210; x_wconf 92' lang='lat' dir='ltr'><strong>p.</strong></span> <span class='ocrx_word' id='word_1_326' title='bbox 1146 5128 1214 5188; x_wconf 87' lang='grc'><strong>168.</strong></span> 
     </span>
    </p>
   </div>
   <div class='ocr_carea' id='block_1_5' title="bbox 0 0 1989 6467">
    <p class='ocr_par' dir='ltr' id='par_1_12' title="bbox 0 0 1989 6467">
     <span class='ocr_line' id='line_1_40' title="bbox 0 0 1989 6467; baseline 0 0"><span class='ocrx_word' id='word_1_327' title='bbox 0 0 1989 6467; x_wconf 95' lang='lat' dir='ltr'><strong> </strong></span> 
     </span>
    </p>
   </div>
  </div>
 </body>
</html>
