3917 6467
463 1009 528 1074 ιοο
788 1004 1032 1090 suntqurm
1054 1004 1227 1074 ssomn.

458 1169 550 1248 Ἠλὶ
563 1165 627 1246 τὸν
645 1174 709 1245 τοῦ
722 1164 863 1271 Ἰωσὴφ
876 1168 1006 1265 ὁμοίως
1019 1168 1143 1252 ἄλλως
1157 1168 1232 1267 (tor.
1244 1166 1317 1247 οῦδ
1330 1164 1473 1269 ἄλλος)
1491 1196 1550 1245 κα·

461 1304 569 1405 τέρα;
599 1304 660 1381 καί
675 1336 730 1380 τοι
748 1305 889 1403 ἀγνοεῖν
907 1299 1035 1385 αὐτοῦς
1053 1304 1117 1382 οῦκ
1134 1304 1244 1406 ἐχρῆν
1261 1306 1311 1386 sis
1329 1303 1477 1404 ἑκατέρα
1492 1308 1564 1381 τῦν

463 1436 777 1540 κατηριθμημένων
796 1434 897 1541 τάξις
915 1435 957 1515 τὸ
979 1445 1044 1515 τοῦ
1067 1438 1190 1531 Δαβίδ
1216 1439 1296 1516 ἐστι
1319 1436 1476 1538 γένος,ἦ
1503 1439 1578 1516 τοῦ

462 1572 581 1650 Ἰούδα
599 1569 699 1676 φυλὴ
717 1570 901 1669 βασιλική.
931 1576 959 1649 εἶ
977 1568 1049 1671 γάρ
1073 1570 1262 1676 προφήτης
1279 1573 1301 1650 ὁ
1320 1569 1463 1666 Ndow,
1483 1568 1571 1649 ἀλλ’

465 1705 562 1805 ὅμως
574 1712 633 1785 καὶ
645 1703 830 1803 Σολομὼν,
845 1703 875 1799 ὅ,
890 1737 928 1781 τε
941 1702 1077 1782 τούτων
1090 1701 1209 1807 πατὴρ
1218 1705 1404 1807 ἐκατέρου·
1424 1707 1466 1783 εἰτ
1477 1716 1581 1784 πολ-
1612 1718 1632 1780 3

465 1845 542 1918 λῶν
561 1838 598 1919 δὲ
617 1846 745 1942 φυλῶν
768 1841 927 1939 ἐγίνοντο
945 1842 1139 1943 προφῆται·
1164 1837 1271 1942 ὶερεῦς
1289 1837 1328 1918 δὲ
1346 1839 1393 1945 ἐξ
1408 1840 1584 1937 mitem&-

463 1980 537 2053 τῶν
554 1974 690 2053 δώδεκα
708 1979 846 2078 φυλῶν,
860 1971 962 2070 μόνοι
980 1973 1028 2068 δὲ,
1044 1977 1196 2052 Λευῖται.
1225 1972 1343 2071 μάτην
1361 1975 1484 2057 αὐτοῖς·
1501 1974 1589 2076 ἅμα.

464 2107 673 2187 πέπλασται
704 2104 746 2185 τὸ
773 2104 1010 2210 ἐψευσμένον.
1076 2103 1144 2204 Μὴ
1171 2104 1215 2205 δὴ
1240 2107 1387 2208 κρατοίη
1412 2115 1590 2192 τοιοῦτος-

466 2239 577 2342 λόγος
603 2243 641 2318 ἐν
665 2240 842 2344 ἐκκλησία
867 2245 1043 2340 Χριστοῦ,
1063 2239 1118 2318 δτι
1145 2245 1279 2346 ψεῦδος
1306 2240 1497 2341 σύγκειται
1523 2247 1606 2324 etr-

373 2399 378 2408 ·
466 2375 564 2452 ἀῖνον
592 2376 649 2451 καὶ
679 2373 894 2478 δοξολογίαν
923 2378 1098 2475 Χριστοῦ.
1128 2375 1181 2457 τίς
1208 2373 1280 2477 γάρ
1308 2376 1373 2453 οῦκ
1401 2372 1475 2454 οἶδε
1503 2378 1564 2481 κᾴ-
1646 2393 1668 2434 ¹⁰

465 2516 579 2588 κεῖνον
596 2508 660 2587 τὸν
675 2509 864 2612 ἱερώτατον
882 2517 946 2587 τοῦ
965 2508 1176 2588 ἀποστόλου
1195 2508 1307 2611 λόγον
1321 2509 1644 2611 κηρύσσοντος-

466 2647 524 2725 καὶ
550 2645 829 2745 διαγγέλλοντος
855 2641 921 2741 τὴν
949 2645 1153 2722 ἀνάστασιν
1177 2651 1242 2722 τοῦ
1266 2647 1436 2745 Σωτῆρος
1459 2643 1649 2740 ἡμῶν..

466 2780 525 2858 καὶ
554 2778 855 2882 διισχυριζομένου
882 2775 948 2875 τὴν
977 2776 1158 2877 ἀληθειαν·
1194 2775 1343 2882 μεγάλῳ
1374 2775 1486 2885 φόβῳ
1514 2778 1654 2855 λε’-μ

465 2941 605 3014 γοντος·
639 2910 712 2989 Ῐὸτι
738 2918 767 2988 εἱ
792 2910 956 3012 Χριστὸν
987 2911 1141 3011 λέγουσι’
1166 2945 1257 2993 τινες
1289 2908 1340 3008 μὴ
1369 2910 1657 3013 ε’γηγέρθαιμε

467 3044 539 3144 (for.
554 3063 663 3121 excidit
685 3043 764 3122 οῦδὲ
787 3042 948 3146 Χριστὸς·
967 3043 1169 3150 ἐγήγερται)
1197 3047 1296 3144 ἡμεῖς
1317 3041 1357 3123 δὲ
1377 3053 1488 3124 τοῦτο
1514 3032 1675 3124 κωςῑ

465 3177 586 3285 φαμὲν
612 3181 670 3257 καὶ
694 3179 991 3277 πεπιστεύκαμεν,
1021 3183 1079 3258 καὶ
1105 3177 1191 3258 αῦτδ
1216 3181 1273 3258 καὶ
1300 3179 1493 3280 ἐλπίζομν
1512 3166 1662 3258 ruffi

466 3311 706 3413 κηρύσσομεν.
729 3318 1180 3419 καταψωδομαρτυροῦμεν
1189 3321 1253 3391 τοῦ
1267 3316 1374 3407 Θεοῦ,
1386 3310 1444 3389 ὅτι
1453 3313 1662 3414 ἤγειρεξ

467 3444 530 3525 τὸν
548 3445 722 3548 Χριστὸν,
743 3446 783 3526 ὃν
802 3450 865 3526 οῦκ
883 3447 1037 3549 ἤγειρεν.
1069 3454 1099 3526 εἰ
1117 3446 1154 3526 δὲ
1173 3450 1294 3542 οὕτως,
1313 3448 1333 3524 ὁ
1360 3446 1569 3552 δοξολογῶν
1580 3466 1660 3497 ⁴¹

468 3576 563 3658 Θεὸν
581 3581 727 3682 πατέρα,
743 3580 873 3660 δέδοικε
885 3580 941 3679 μὴ
956 3580 1182 3686 ψευδολόγος
1199 3583 1318 3679 δοκοίη
1333 3580 1440 3682 ἔργον
1454 3579 1569 3684 παρά-
1614 3617 1655 3632 2

468 3797 529 3857 filio
552 3800 588 3857 ad
605 3801 684 3866 Heli,
706 3801 792 3859 simili
813 3800 924 3858 ratione
940 3821 994 3859 nec
1045 3801 1100 3858 ista
1128 3801 1211 3867 ratio,
1233 3820 1290 3877 qua
1317 3801 1463 3857 conflatur
1490 3821 1568 3859 men·
1654 3800 1675 3838 κ

469 3879 591 3945 diversa,
607 3881 728 3959 Josephi
743 3884 876 3958 patrem?
901 3881 993 3956 Atqui
1043 3880 1157 3937 dacium
1187 3881 1217 3937 in
1245 3879 1359 3937 laudem
1386 3892 1418 3937 et
1447 3878 1568 3958 gloriam

469 3959 600 4037 profecto
610 3961 740 4037 ignorare
750 3960 993 4037 illoshaudopor-
1044 3960 1164 4017 Christi.
1200 3960 1275 4030 Quis
1289 3960 1365 4017 enim
1381 3962 1475 4018 nescit
1489 3981 1569 4018 sanc·

469 4039 560 4103 tebet,
574 4050 727 4116 utramque
746 4041 848 4098 seriem
865 4040 992 4096 virorum
1044 4040 1187 4098 tissimum
1209 4039 1292 4096 illum
1314 4039 1440 4116 apostoli
1462 4060 1569 4098 sermo-

469 4130 704 4177 enumerutorum
741 4120 863 4177 Davidis
900 4139 993 4196 genus
1044 4139 1109 4176 nem
1131 4119 1293 4176 Servatoris
1315 4119 1405 4175 nostri
1426 4139 1568 4177 resurree-

469 4198 639 4263 esse,Ju‹lae
654 4200 761 4257 tribum
777 4200 894 4276 regiam.
932 4199 995 4256 Etsi
1046 4199 1155 4256 tionem
1168 4198 1350 4276 praedieantis
1359 4209 1449 4274 atque
1457 4218 1570 4256 annun.
1613 4186 1660 4242 95

471 4277 549 4335 enim
596 4279 717 4355 ropheta
744 4280 865 4336 Nathan
893 4279 994 4343 fuerit,
1046 4278 1149 4335 ciantis
1180 4278 1390 4352 veritatemque
1425 4278 1570 4335 affirman.

470 4354 521 4414 sed
537 4297 638 4414 itidem
653 4368 683 4415 et
698 4358 846 4424 Solomon‚
856 4369 996 4436 paterque
1046 4358 1094 4426 tis,
1109 4358 1160 4433 qui
1185 4377 1251 4415 cum
1269 4377 1373 4434 magno
1388 4357 1495 4415 timore
1509 4358 1569 4427 ait3

470 4454 582 4493 eorum.
628 4437 677 4494 Ex
698 4437 799 4495 multis
820 4448 917 4495 autem
941 4438 994 4494 tri·
1047 4437 1079 4494 Si
1118 4437 1268 4494 Christum
1309 4436 1411 4494 dicunt
1453 4437 1570 4514 quidam

470 4513 567 4572 bubus
590 4517 645 4574 orti
675 4528 743 4574 sunt
768 4517 926 4595 prophetas,
951 4536 996 4574 sa-
1047 4536 1105 4573 που
1120 4517 1319 4580 resurrexisse,
1334 4535 1387 4573 nos
1401 4529 1501 4574 autem
1518 4517 1572 4574 hoc

470 4594 571 4652 eerdos
592 4615 661 4653 vero
683 4617 719 4653 ex
741 4596 821 4654 nulls
842 4596 995 4654 duodecim
1047 4596 1170 4653 dicimus
1184 4606 1214 4654 et
1226 4594 1380 4660 credimus,
1391 4596 1529 4671 idemque
1542 4583 1657 4659 et3⁰

469 4673 610 4740 tribuum,
633 4674 743 4752 solique
767 4677 879 4734 Levitae
902 4695 995 4733 sacer·
1046 4695 1194 4750 speramus
1208 4685 1238 4733 et
1256 4674 1457 4752 praedicamus,
1463 4675 1571 4750 salsus

469 4753 554 4809 dotes.
599 4755 720 4813 Frustra
734 4775 803 4833 ergo
817 4756 853 4813 ab
870 4755 928 4813 illia
948 4756 997 4813 fio-
1047 4757 1225 4813 testimonium
1252 4756 1383 4812 adversas
1410 4755 1503 4813 Deam
1530 4757 1570 4812 di·

470 4840 534 4889 tum
551 4833 745 4892 mendacium.
787 4835 913 4893 Minime
929 4855 995 4913 pro·
1047 4838 1140 4900 rimas,
1167 4837 1238 4911 qaod
1259 4836 1401 4892 suscitaret
1425 4836 1570 4899 caraem,

469 4909 547 4969 feeto
570 4912 664 4970 valeat
687 4915 716 4970 in
740 4914 860 4973 ecclesia
885 4914 996 4973 Christi
1047 4935 1122 4990 quem
1143 4935 1195 4972 noa
1214 4915 1478 4974 maritavit-Sin
1503 4935 1570 4973 vero

861 5047 867 5085 Ι
883 5060 891 5091 r
907 5048 961 5095 Cor.
975 5065 1017 5095 xv.
1034 5064 1069 5096 ιο.
1081 5062 1105 5097 et
1117 5066 1180 5112 seqq.
