3917 6467
442 1102 510 1171 876
833 1100 1183 1166 ANNOTATIONES

444 1269 588 1333 Africani
602 1269 745 1334 rationes
761 1270 803 1333 ab
821 1268 1009 1333 Eusebianis
1023 1266 1166 1354 superari
1179 1266 1274 1332 aunis
1289 1282 1321 1350 7,
1336 1266 1409 1331 dum
1427 1276 1514 1332 οοιιιη

443 1369 504 1434 illae
520 1370 664 1434 Africani
679 1370 798 1435 alteras
813 1371 969 1434 excedunt
984 1369 1075 1433 aunis
1093 1370 1143 1432 18.

487 1474 524 1536 P.
536 1472 634 1555 245.l.
643 1492 675 1558 5.
687 1470 868 1559 ἔτηροοῦ]
883 1472 1034 1536 Testatus
1044 1468 1268 1555 estSyncellus
1278 1490 1374 1555 pagg.
1382 1478 1518 1553 μοι

389 1576 395 1584 ’
443 1573 630 1638 Africanum
651 1595 672 1637 a
693 1574 813 1636 munde
833 1571 962 1636 condito
983 1572 1025 1636 ad
1047 1570 1183 1657 primum
1205 1591 1328 1634 aunum
1350 1569 1422 1635 vite
1436 1569 1519 1633 Abra

440 1676 527 1739 hemi
544 1696 644 1739 ennos
658 1693 754 1758 3202.
770 1680 978 1758 computasse,
995 1672 1108 1758 quibus
1128 1670 1305 1737 sioetstem
1325 1671 1426 1735 addas
1442 1670 1521 1755 patri

440 1776 546 1840 archae
569 1775 672 1839 vocati
694 1774 727 1837 in
748 1783 868 1839 terrarn
888 1775 1027 1848 (laneam
1043 1793 1114 1837 cum
1135 1794 1237 1837 sanos
1260 1781 1360 1836 uatus
1381 1780 1462 1837 esset
1482 1790 1521 1856 75.

440 1896 564 1939 summa
578 1875 762 1939 conficietur
775 1896 929 1938 annorum
944 1874 997 1938 hie
1011 1881 1186 1938 memorata
1195 1888 1295 1958 3277.
1329 1872 1376 1938 Et
1388 1872 1458 1936 huie
1470 1872 1523 1956 qui·

439 1976 512 2039 dem
528 1998 659 2040 summae
677 1998 786 2039 omues
805 1998 843 2040 ae
863 1975 976 2061 singuli
997 1974 1119 2040 numeri
1138 1975 1172 2039 in
1191 1975 1253 2039 hoe
1272 1973 1429 2039 laterculo
1445 1971 1522 2059 ροάὴΙ

439 2099 535 2161 quam
551 2077 670 2161 optime
684 2077 883 2141 conveniunt.
928 2076 1050 2141 Eadem
1070 2096 1166 2161 porro
1184 2076 1388 2161 computatio
1401 2074 1523 2160 Joseppu

440 2179 482 2241 illi
503 2180 577 2242 oliuu
601 2179 729 2263 placuit,
744 2181 834 2264 eujus
856 2179 1042 2265 opusculum
1063 2178 1105 2243 ad
1121 2178 1220 2242 Num.
1236 2200 1305 2240 vur.
1322 2199 1355 2262 p.
1370 2195 1443 2261 372.
1456 2198 1522 2241 eoru

437 2281 619 2344 memoravi.
664 2280 863 2345 Conveniunt
877 2288 911 2345 et
926 2280 1047 2345 numeri
1063 2279 1248 2365 epiphanii,
1263 2278 1336 2343 loco
1357 2280 1469 2344 ibidem
1487 2279 1521 2342 in

438 2381 556 2457 dicato,
573 2381 605 2444 in
621 2404 683 2465 quo
699 2403 800 2445 annos
812 2400 908 2466 3332.
920 2382 962 2446 ad
974 2403 1073 2465 usque
1083 2379 1217 2444 Abrami
1229 2379 1357 2444 natales
1367 2385 1518 2464 computet,

437 2482 556 2546 additis
571 2482 719 2546 nimirum
733 2482 825 2546 anuis
840 2482 900 2545 illis
919 2486 973 2546 τοῦ
992 2481 1128 2562 δευτέρου
1143 2482 1278 2557 Osiuan,
1292 2502 1375 2565 quos
1394 2481 1519 2545 omittere

436 2583 517 2648 solet
532 2584 713 2649 Africanus.
757 2584 873 2649 Oonfor
895 2591 928 2648 et
950 2582 1119 2668 Epiphanii
1144 2604 1213 2668 cap.
1230 2583 1260 2645 8.
1308 2581 1361 2645 De
1381 2581 1467 2645 anuis
1485 2579 1517 2643 iu

435 2692 525 2749 terea
546 2686 724 2771 sexaginta,
740 2705 819 2770 ques
839 2683 1014 2771 perdidisse
1028 2683 1209 2759 Africanus,
1224 2682 1350 2768 pariter
1370 2689 1462 2767 atque
1477 2680 1516 2744 ulii

435 2794 569 2861 veteres,
578 2795 734 2864 censetur,
745 2793 875 2871 propter
887 2784 1064 2850 Abrahami
1078 2784 1213 2860 natales,
1223 2784 1320 2848 citius
1336 2804 1430 2868 quam
1443 2803 1516 2868 open

435 2888 538 2962 tebet,
554 2889 595 2951 ab
618 2910 656 2951 ee
677 2888 877 2963 constitutos,
893 2887 953 2950 hoe
971 2894 1021 2951 est
1039 2908 1124 2951 anuo
1143 2885 1246 2971 petris
1271 2885 1389 2951 Tharae
1410 2903 1459 2968 70,
1472 2904 1515 2968 pro

441 3005 511 3070 130,
527 2987 708 3050 consulendi
724 2995 799 3051 sant
819 2986 1020 3071 chronologh
1044 2985 1146 3071 magis
1165 2986 1250 3049 enirn
1272 2985 1402 3070 quinam
1420 2983 1515 3047 fuerint

437 3086 581 3151 Africani
596 3088 727 3165 numeri,
744 3110 839 3173 quam
855 3087 909 3172 qui
924 3087 1107 3151 debuissent
1121 3108 1201 3164 esse,
1217 3086 1296 3150 mihi
1311 3109 1396 3152 curae
1410 3086 1465 3150 fuit
1476 3106 1514 3148 er·

434 3209 560 3272 ponere.

960 3478 1008 3541 X.

479 3612 559 3674 [bid.
586 3612 605 3676 l.
636 3633 682 3689 ¹4·
709 3615 862 3693 Αἰγύπτιοι
886 3616 943 3692 μὲν
968 3614 1022 3675 οῦν
1046 3613 1114 3686 ee]
1142 3611 1239 3695 Apud
1261 3612 1434 3694 Syncellum
1452 3632 1515 3696 pre·

432 3713 513 3775 fixus
529 3722 578 3776 est
593 3714 723 3777 titulus:
746 3716 940 3795 Ἀφρικανοῦ.
966 3715 1042 3795 Περὶ
1056 3718 1107 3792 τῆς
1121 3719 1180 3776 τῶν
1196 3716 1369 3793 Αἰγυπτίων
1391 3715 1436 3776 καὶ
1450 3719 1517 3776 Χολ-

432 3815 522 3876 δοίων
536 3816 686 3891 μυθώδους
701 3817 909 3897 χρονολογίας.
963 3815 1103 3899 Scaliger
1117 3813 1149 3876 in
1165 3836 1236 3898 pag.
1255 3818 1286 3875 8.
1302 3813 1470 3878 Ειιενδὶοιιί
1482 3811 1518 3876 sul

434 3915 575 3977 Chronici
590 3917 721 3978 eundern
737 3916 818 3979 hunc
834 3917 977 3980 Africani
993 3919 1081 3997 ῥῆσιν
1095 3924 1254 4001 posuerat.

477 4013 556 4075 lbid.
575 4015 623 4075 ἐπὶ
648 4014 681 4074 τὸ
709 4015 951 4095 κομπωδέστερον
976 4017 1094 4097 χρόνων
1120 4018 1256 4094 περιττὰς
1282 4017 1449 4099 περιόδους]
1478 4013 1521 4077 Its

430 4113 574 4177 ediderat
598 4115 750 4199 Scaliger,
775 4116 831 4178 sed
854 4122 912 4179 τῶν
936 4138 994 4199 pro
1017 4116 1063 4191 τὸ,
1083 4126 1116 4179 et
1139 4117 1206 4197 περὶ
1229 4119 1282 4182 τὰς
1305 4138 1365 4201 pro
1387 4118 1521 4192 περιττὰς,

430 4216 578 4278 mendose
599 4217 696 4280 habet
711 4217 848 4300 Syncclli
863 4227 956 4280 tectus
975 4218 1140 4293 Goarinas,
1156 4218 1210 4281 ubi
1226 4219 1258 4281 in
1280 4241 1379 4304 mere.
1395 4219 1522 4304 pesitum

429 4325 487 4391 est,
505 4318 553 4379 lul
568 4324 626 4380 τῶν
642 4320 759 4399 χρόνων
775 4318 1019 4399 κομπωδέστερον
1035 4325 1246 4399 φλυαροῦντες.

473 4416 554 4478 lbid.
566 4417 586 4479 l.
602 4423 648 4480 16.
660 4419 694 4484 de
709 4444 786 4485 τινες
800 4426 859 4482 τῶν
873 4424 964 4483 τοῦτο
979 4422 1123 4501 ἀκριβοῦν
1136 4420 1286 4499 δοξάντων
1298 4418 1523 4502 συστέλλοντες]

428 4518 544 4581 Confer
562 4521 692 4602 Syneell.
709 4544 780 4605 pag.
802 4522 849 4583 18.
896 4521 940 4584 Et
964 4543 1110 4584 narrasse
1130 4521 1204 4584 elim
1225 4522 1394 4586 nonnullos
1415 4542 1524 4585 annum

426 4620 682 4704 antiquissimum
698 4622 861 4707 AEgyptiis
881 4623 973 4686 unius
993 4631 1118 4687 tantum
1138 4623 1235 4687 fuisse
1255 4625 1383 4698 mensis,
1399 4647 1453 4688 seu
1474 4628 1524 4687 ἔνι

427 4723 532 4787 cerole
552 4725 742 4800 ostensione,
756 4746 796 4786 cx
812 4723 954 4787 Diodoro
976 4724 1090 4801 Siculo,
1108 4725 1223 4800 Plinio,
1241 4724 1401 4802 Varrone,
1420 4725 1524 4790 Preclo

427 4822 458 4884 iu
484 4824 631 4886 Tiucaeum
652 4824 805 4900 Platonis,
821 4827 962 4889 ostendit
987 4827 1034 4889 vir
1055 4826 1256 4889 doctissimus
1275 4826 1421 4891 Jacebus
1442 4827 1522 4891 Peri·

426 4925 534 4987 zonius
550 4926 678 5009 AEpppt.
703 4927 786 5010 Ονίρ.
810 4949 879 5010 cap.
902 4927 935 4990 ii.
957 4950 988 5011 p.
1013 4947 1061 4990 20.
1083 4929 1138 4990 &c
1184 4929 1278 4991 Nunc
1305 4929 1422 4992 rescire
1447 4929 1523 5001 licet,

425 5048 495 5109 quae
511 5028 552 5089 de
567 5027 784 5091 convenientia
796 5029 909 5091 horurn
920 5027 1077 5091 lunarium
1090 5028 1174 5112 apud
1185 5029 1365 5114 AEgyptios
1376 5049 1522 5094 annorum

425 5147 495 5188 curn
520 5127 659 5192 Hebraea
686 5138 761 5192 ante
786 5128 935 5191 diluvium
960 5129 1172 5214 Ohrouologia
1195 5129 1255 5192 sibi
1281 5131 1445 5217 collegerit
1464 5129 1521 5193 Eu·
