3917 6467
507 1090 730 1158 AFBIOANI
753 1091 976 1159 EPISTOLA
1000 1094 1065 1158 AD
1088 1092 1356 1159 ARISTIDEM.
1420 1094 1480 1158 231

379 1248 491 1355 δοξον
508 1248 748 1349 διηγούμενος,
765 1256 843 1335 πῶς
861 1252 923 1330 οὐκ
943 1248 989 1330 ἂν
1012 1252 1154 1335 taxatos
1177 1252 1355 1357 φοβηθείη
1382 1251 1402 1329 ὁ
1429 1250 1488 1330 διὰ

379 1382 625 1487 φωὸολογίας
660 1384 830 1483 ἀληθείας
871 1385 1057 1463 σύστασιν
1100 1382 1337 1487 ποριζόμενος,
1375 1382 1488 1490 δόξαν

380 1518 447 1595 οὐκ
481 1520 601 1616 ἀληθῆ
631 1520 833 1615 συντιθείς,
868 1524 897 1597 εί
929 1517 1002 1621 γὰρ
1034 1517 1081 1597 τὰ
1114 1519 1200 1619 γε’νη
1232 1518 1399 1625 διάφοροι,
1429 1522 1488 1598 καὶ

381 1649 494 1750 μηδὲν
537 1651 727 1757 καταφέρει
763 1650 915 1753 γνήσιον
953 1653 1101 1755 σπέρμα
1137 1655 1195 1732 ἐπὶ
1230 1650 1294 1731 τὸν
1330 1650 1483 1759 ’·Ιωσήφ

354 1786 519 1890 5είρηται
540 1786 578 1867 δὲ
595 1785 706 1885 μόνον
724 1794 772 1872 είς
791 1786 976 1867 σύστασιν
994 1796 1058 1866 τοῦ
1081 1789 1401 1888 γεννηθησομένου,
1432 1787 1487 1869 ὅτι

383 1919 562 2014 βασιλεὺς
587 1926 645 2001 καὶ
672 1919 780 2026 ἱερεὺς
808 1921 911 2001 ἔσται
938 1922 959 2000 ὁ
985 1917 1166 2020 ἐσόμενος·
1197 1923 1411 2028 ἀποδείξεως
1437 1921 1488 2023 μὴ

384 2055 609 2159 προσούσης,
628 2056 728 2137 ἀλλὰ
744 2062 808 2155 τῆς
825 2064 898 2137 τῶν
915 2056 1038 2159 λόγων
1061 2058 1279 2157 σεμνότητος
1304 2064 1353 2141 είς
1379 2060 1489 2157 ὕμνον

387 2194 523 2295 ἀδρανῆ
549 2192 755 2299 φερομένης,
778 2196 891 2291 δῆλον
918 2197 967 2277 ὡς
994 2202 1058 2273 τοῦ
1086 2199 1181 2274 Θεοῦ
1209 2194 1273 2292 μὲν
1301 2195 1321 2272 ό
1349 2194 1489 2279 ἔπαινος

388 2327 463 2429 οὐχ’
495 2326 653 2423 ἅπτεται,
681 2332 816 2433 φεῦδος
847 2325 912 2406 ὤν·
955 2328 1073 2430 κρίσις
1103 2327 1141 2408 δὲ
1171 2334 1222 2435 τῷ
1254 2327 1415 2432 εἰρηκότι,
1447 2328 1490 2408 τὸ

341 2461 453 2539 ιοοῦκ
484 2458 527 2540 ὃν
556 2465 605 2545 ὦς·
628 2458 670 2540 ὃν
693 2460 933 2560 κομπάσαπι.
993 2480 1064 2539 Huc
1085 2500 1178 2557 usque
1196 2479 1290 2539 codd.
1314 2480 1440 2538 Vindob.
1459 2490 1490 2539 et

390 2594 511 2654 coislin.
538 2614 604 2672 quo
630 2607 728 2655 autem
753 2606 924 2673 sequuntur,
954 2595 1102 2655 Eusebius
1128 2594 1251 2653 adduxit
1278 2592 1330 2651 lib.
1355 2594 1381 2651 1.
1407 2593 1489 2653 Hist.

390 2718 454 2777 οαμ
470 2714 498 2773 7.

390 2833 465 2894 adeo
478 2834 599 2896 timebat
613 2835 673 2902 ille.
687 2836 738 2913 qui
754 2837 850 2895 Deum
865 2856 915 2913 pu-
965 2837 1070 2904 cituro,
1085 2834 1219 2893 futurum
1230 2833 1354 2894 eundem
1369 2854 1431 2893 esse
1445 2855 1490 2893 re.

391 2926 466 2972 trem
484 2914 671 2991 glorifiotbut,
686 2936 723 2975 ue
744 2915 916 2993 falsiloquus
964 2936 1030 2993 gem
1045 2926 1075 2973 et
1090 2914 1277 2979 sacerdotem,
1288 2913 1356 2971 dum
1369 2914 1490 2972 demon·

343 3005 380 3063 15
392 2994 550 3060 videretur,
565 3016 640 3074 opuu
653 2995 783 3055 mirabile
801 3016 916 3055 annun·
966 2996 1070 3054 stratio
1084 3015 1141 3053 nou
1156 2994 1247 3063 adest,
1258 2994 1306 3051 sod
1318 2995 1445 3071 gravitas
1458 3015 1490 3053 uo

391 3074 469 3132 tinus
478 3096 488 3143 ;
502 3074 604 3150 quidni
612 3076 680 3153 juro
693 3076 718 3134 is
728 3077 854 3145 timeret,
864 3076 916 3153 qui
967 3074 1157 3134 sanctimonio
1179 3093 1342 3132 sermonum
1369 3074 1404 3131 ad
1426 3075 1490 3152 glo.

391 3173 444 3233 per
454 3154 704 3231 salui-loquentium
723 3156 916 3215 oonfirmatio-
967 3156 1039 3213 rium
1064 3154 1179 3213 futilem
1203 3153 1281 3220 fucit,
1305 3155 1490 3213 manifestum

391 3253 458 3291 uem
485 3236 600 3294 veritati
632 3249 755 3315 pararet,
780 3237 917 3312 opinione
967 3247 1021 3302 est,
1046 3235 1082 3293 ad
1111 3235 1208 3292 Deum
1237 3233 1316 3292 haud
1346 3234 1492 3311 pertinere
1578 3273 1588 3288 .

392 3313 471 3373 haud
485 3334 553 3372 vem
566 3315 674 3374 allatu?
720 3316 845 3375 sienim
866 3336 916 3393 ge·
967 3314 1082 3374 laudem
1116 3315 1210 3379 istam,
1238 3333 1304 3370 oum
1333 3314 1406 3371 falsa
1433 3315 1491 3383 sit5

345 3408 462 3452 eonem
486 3394 600 3454 diversa
617 3408 696 3463 sunt.
711 3417 803 3473 neque
822 3397 916 3454 ullum
967 3394 1162 3453 damnandum
1177 3414 1246 3453 vero
1260 3393 1342 3451 illum
1358 3414 1429 3460 este,
1441 3394 1491 3471 qui

390 3494 546 3549 ρενηιαιιιαιι
568 3495 666 3534 semen
690 3476 726 3534 ud
753 3476 916 3555 Josephum
967 3474 1088 3534 eundem
1103 3472 1267 3553 protulerit,
1275 3473 1388 3549 jactans
1403 3475 1439 3533 de
1449 3494 1491 3540 re,

392 3554 540 3623 deferunt,
560 3555 694 3633 dictuque
715 3569 783 3616 sunt
808 3556 915 3614 solum·
967 3575 1032 3632 qum
1046 3574 1103 3612 non
1119 3554 1228 3620 existit,
1243 3564 1380 3630 tanquam
1398 3556 1420 3613 si
1441 3573 1492 3612 ex·

392 3635 531 3694 modoad
549 3635 775 3696 ooufirmundum
796 3638 832 3696 de
851 3657 915 3694 nus·
967 3636 1071 3694 titerit.

762 3784 1125 3826 4...-

918 3897 967 3959 II.

347 4062 383 4120 ²5
449 4029 706 4134 -Ῥνιιειδὴ
724 4030 797 4134 γὰρ
814 4030 861 4110 τὰ
879 4030 1037 4129 ὀνόματα
1054 4037 1126 4110 τῶν
1148 4037 1261 4131 γενῶν
1287 4032 1324 4108 ἐν
1341 4025 1494 4131 Ἰσραὴλ

395 4170 576 4272 ἠριθμεῖτο
596 4167 619 4269 ἢ
646 4165 806 4274 φύσειῆ
833 4164 941 4273 νόμῳ·
973 4165 1082 4274 φύσει
1108 4166 1182 4265 μὲν,
1198 4166 1351 4266 γνησίου
1376 4160 1490 4264 σπέρ-

393 4339 506 4402 ματος
524 4309 676 4410 διαδοχῇ
690 4305 743 4402 (ul.
761 4301 922 4409 διαδοχὴ)
944 4300 1042 4409 νόμῳ
1061 4301 1109 4399 δὲ,
1127 4302 1246 4405 ἑτέρου
1267 4305 1496 4381 παιδοποιου-

393 4442 501 4540 μένου
524 4448 572 4526 είς
601 4440 715 4541 ὄνομα
738 4436 1020 4537 τελευτήσαντος
1043 4440 1205 4542 ἀδελφοῦ
1231 4436 1387 4515 ἀτέκνου·
1426 4431 1496 4532 (ὅτι

799 4600 962 4679 Interprete
976 4598 1097 4658 Valesio.

347 4762 388 4818 30
434 4736 513 4794 Num
527 4734 664 4812 quoniam
678 4731 755 4811 apud
771 4729 918 4789 Israelitus
969 4746 1075 4786 nomen
1099 4746 1132 4784 oc
1153 4726 1291 4784 familiam
1314 4724 1413 4783 fratris
1433 4725 1495 4781 sine

395 4815 614 4897 generationum
625 4813 752 4877 nomina,
762 4810 808 4870 vel
819 4830 856 4868 ex
867 4830 919 4867 ua.
968 4807 1068 4867 liboris
1099 4806 1230 4865 defuncti
1261 4806 1335 4863 filios
1364 4804 1494 4863 sustulit.

396 4909 479 4966 turo,
494 4895 541 4955 vel
554 4915 591 4954 ex
605 4894 678 4972 legis
696 4892 798 4950 ordino
818 4911 919 4948 nume·
972 4890 1062 4962 (Cum
1077 4888 1153 4946 euim
1169 4898 1248 4946 oerta
1265 4908 1279 4945 s
1300 4907 1331 4944 es
1351 4904 1495 4943 resurree-

396 4979 552 5037 tubonturt
577 4986 688 5033 nuturoe
709 4971 837 5050 quidem.
853 4991 918 5029 cum
969 4968 1059 5027 tionis
1073 4967 1201 5025 nondum
1217 4968 1259 5026 eis
1273 4908 1341 5026 iau
1351 4976 1437 5030 esset,
1448 4964 1496 5022 fu·

397 5057 521 5137 legitimi
547 5056 599 5114 filii
626 5053 795 5132 parentibus
822 5072 918 5110 succe·
970 5060 1066 5107 turam
1092 5048 1156 5123 ejus
1178 5047 1396 5126 promissionem
1418 5064 1496 5102 mor·

350 5137 581 5224 35dunt510gis
594 5156 674 5204 vero,
687 5133 801 5212 quotioe
815 5131 920 5210 quiuiu
971 5129 1024 5188 tuli
1052 5128 1176 5207 quodam
1206 5127 1417 5187 resurrectione
1444 5125 1495 5185 de·
