3917 6467
425 1100 495 1165 882
814 1098 1166 1168 Auuorsrlouss

428 1271 525 1351 σθβετ
536 1271 591 1350 τῆν
601 1272 729 1353 ἀρχαίαν
739 1271 886 1352 θυγατέρα
894 1270 1013 1354 Ἀαρὸν
1024 1274 1117 1360 έαντηῖ
1130 1279 1271 1354 γυναῖκα.
1284 1274 1341 1338 sed
1351 1273 1498 1338 videlieet.

427 1373 467 1438 vi.
485 1392 536 1459 23.
553 1375 624 1437 ὅθεν
638 1374 751 1437 πολλοὶ
773 1378 832 1436 τῶν
852 1373 998 1454 αίρέσεων
1017 1374 1137 1460 (porgit
1156 1374 1296 1439 seribere
1314 1374 1499 1460 Epiphanius)

428 1479 503 1539 rard
517 1475 614 1555 σάρκα
628 1475 827 1556 γενεαλογίαν
841 1478 893 1537 τοῦ
907 1478 1043 1556 Σωτῆρος
1057 1476 1212 1556 δγνοοῦσι,
1226 1478 1275 1540 καί
1290 1480 1339 1541 διδ
1353 1477 1386 1540 τδ
1403 1479 1502 1557 drop?

428 1576 541 1652 αδτοδς,
556 1577 727 1652 ἄπιστοΰσι,
748 1576 796 1638 καί
817 1578 958 1638 δοκοῦσιν
977 1575 1149 1658 ἀντιλέγειν
1167 1580 1204 1663 τῇ
1223 1578 1360 1662 βληθείη,
1374 1576 1503 1658 λέγοντες,

427 1683 489 1745 πῶς
510 1679 528 1758 ἡ
551 1677 610 1740 ἀπὸ
632 1680 730 1758 φυλῆς
754 1677 855 1754 Δοβὶδ
881 1677 929 1740 καί
942 1676 1040 1740 Ἰούδα
1062 1679 1184 1741 δυ’ναται
1207 1678 1359 1760 συγγενῆς
1381 1677 1505 1754 εἶναιτῆι

426 1778 595 1859 Ἐλισᾶβετ
615 1782 666 1856 τῆς
685 1777 744 1841 dard
759 1782 811 1840 τοῦ
825 1779 901 1841 Λευί
908 1805 916 1851 ;
941 1777 1061 1841 Hares.
1077 1776 1194 1842 lxxviii.
1211 1800 1300 1843 num.
1323 1799 1331 1841 ι
1336 1798 1369 1865 3.
1385 1802 1414 1865 p.
1433 1797 1504 1862 1045.

427 1881 478 1945 ed.
495 1880 628 1944 Petavii.

471 1981 520 2047 At
534 2003 610 2045 vero
623 1980 665 2045 ad
676 1981 906 2045 ostendendum
918 1979 1090 2046 earundem
1100 1980 1244 2046 tribuum
1253 2003 1430 2047 eonnexum
1440 1980 1507 2046 alind

428 2083 581 2168 quiddam
604 2083 819 2165 γενεαλογικδν
847 2082 880 2147 S.
900 2082 1097 2168 Hippolytus
1118 2083 1230 2149 attulit
1252 2084 1286 2148 iu
1310 2083 1458 2170 opusculo
1474 2083 1509 2146 Bt

428 2188 573 2250 δορατιον
591 2195 620 2249 et
634 2184 764 2248 Daniele
782 2185 868 2270 apud
889 2185 1061 2271 Georgium
1081 2186 1261 2271 Syneellum
1277 2187 1439 2272 Οδιυιιορτ.
1452 2207 1508 2271 pag.

429 2309 502 2372 219.
549 2289 657 2351 Locus
681 2309 702 2352 a
728 2286 912 2351 Wetstenio
937 2309 1034 2373 supra
1057 2310 1088 2373 p.
1110 2304 1185 2374 325.
1205 2288 1326 2373 partim
1352 2289 1510 2374 emoriptus

428 2397 496 2454 est:
521 2390 656 2474 Syneelli
671 2390 768 2453 verba
781 2398 867 2466 sunt,
883 2395 990 2454 τοῦτον
1003 2394 1036 2454 δὲ
1052 2391 1090 2472 (J
1091 2391 1213 2455 oachim
1228 2413 1339 2477 regem
1353 2393 1378 2455 J
1379 2391 1461 2475 udae)
1473 2390 1511 2454 λέ·

427 2517 476 2573 γει
497 2491 722 2577 (Hippolytus)
746 2494 793 2555 καὶ
814 2496 866 2570 τῆς
890 2493 1051 2572 Σασιίννης
1072 2494 1165 2574 ἄνδρα
1186 2492 1271 2557 εἶναι·
1296 2494 1347 2557 καὶ
1367 2492 1511 2560 πιθανδςδ

427 2595 530 2675 λόγος·
554 2594 609 2672 τῆν
628 2596 661 2656 δὲ
682 2594 849 2658 Σωσάνναν
870 2595 1002 2658 Χελκίου
1024 2599 1077 2658 τοῦ
1100 2594 1260 2677 ἀρχιερέας
1281 2594 1432 2677 θυγατέρα
1452 2593 1513 2658 εἶναι

428 2698 625 2773 βεβαιοῦνται
639 2700 691 2757 τοῦ
708 2697 846 2776 εὑρόντος
865 2697 913 2759 orl
926 2694 1044 2759 Ἰασίου
1063 2695 1098 2759 τδ
1116 2697 1254 2775 βιβλίον,
1272 2698 1381 2775 ταύτης
1399 2697 1513 2776 δδελφος

427 2792 581 2873 Ἱερεμίας,
598 2796 636 2861 ὥς
651 2805 756 2875 φασιν,
773 2798 822 2859 καὶ
840 2798 967 2863 εἰκότος·
990 2799 1023 2860 ἐκ
1042 2798 1153 2861 τούτων
1171 2796 1259 2878 λέγει
1278 2801 1457 2878 γεννηθῆναι
1473 2796 1514 2859 τδτ

427 2894 586 2978 Ἰεχονίαν,
611 2897 645 2961 οδ
670 2897 815 2977 μέμνηται
839 2900 855 2960 d
882 2903 962 2964 θεῖος
988 2898 1201 2980 εὐαγγελιατῆς
1222 2903 1390 2966 Ματθαῖος.
1420 2897 1515 2961 τδνδὶ

428 2997 573 3082 Ἰεχονίου
598 2999 673 3073 υἱὸν,
690 3000 775 3080 φησὶ,
792 3000 844 3063 τδν
863 2999 1031 3078 Σαλαθιῆλ,
1045 3000 1094 3063 καὶ
1112 3003 1165 3062 τοῦ
1183 2998 1342 3077 Σαλαθιῆλ
1361 2999 1416 3062 τδν
1433 3004 1516 3079 zoa

428 3101 543 3180 βάβελ,
560 3103 608 3165 καὶ
623 3103 698 3165 οὕτω
712 3102 767 3179 τὴν
782 3103 983 3183 γενεαλογίαν
996 3105 1049 3165 τοῦ
1064 3100 1175 3182 σατρδς
1195 3103 1227 3163 έκ
1246 3104 1298 3179 τῆς
1319 3103 1463 3182 ἱερατικῆς
1481 3100 1516 3163 rui

428 3207 588 3282 βασιλικῆς
606 3203 823 3283 καταγενέσθαι
842 3207 941 3283 φυλῆς
962 3203 1052 3285 μέχρι
1064 3201 1178 3284 Ἰωσὴφ
1200 3206 1254 3265 τοῦ
1277 3206 1393 3267 δικαίου
1414 3205 1517 3280 καὶτῆς

430 3305 516 3385 ἁγίας
530 3304 679 3384 παρθένου
696 3305 743 3368 καὶ
759 3308 920 3369 Θεοτόκου.
967 3304 1033 3368 Ubi
1051 3304 1191 3369 notabile
1209 3311 1259 3368 est
1275 3307 1436 3381 Θεοτόκος,
1451 3303 1515 3368 Da·-

423 3428 519 3490 ρονο,
536 3406 564 3469 si
578 3406 673 3469 modo
686 3428 747 3469 vox
760 3405 927 3491 Hippolyti
942 3405 994 3470 sit.
1032 3406 1145 3470 Fidem
1156 3428 1230 3470 vero
1246 3406 1360 3470 feeerit
1374 3406 1518 3491 pertinere

429 3530 522 3592 posse
537 3529 645 3570 vocem
660 3508 701 3571 ad
718 3507 930 3592 Hippolytum
944 3511 1030 3590 ῥῆσις
1044 3510 1189 3592 quaedam
1208 3509 1294 3593 apud
1310 3509 1460 3573 Aaoleetu
1477 3507 1518 3571 ills

437 3609 499 3672 Vel.
517 3611 663 3686 Petram,
679 3632 749 3694 quoe
770 3632 833 3673 una
854 3632 925 3674 eum
947 3609 1160 3674 Gallandiuao
1174 3612 1250 3674 ΡΡ.
1266 3609 1453 3675 Bibliotheca
1467 3609 1518 3672 Va

430 3711 523 3774 netiis
538 3712 627 3775 edita
642 3719 717 3775 sunt
731 3733 816 3775 anno
832 3714 883 3774 81.
899 3712 1004 3777 saeeuli
1017 3713 1084 3796 jam
1100 3711 1264 3797 praeteriti.
1311 3711 1352 3774 In
1372 3713 1433 3776 hae
1449 3712 1518 3774 euin

428 3815 524 3897 ῥήσει,
552 3836 622 3899 quae
648 3815 795 3900 Origenis
822 3837 891 3879 esse
917 3815 997 3879 satis
1022 3816 1106 3879 clare
1131 3815 1258 3899 probari
1284 3822 1407 3899 potest,
1427 3839 1457 3901 p.
1478 3812 1517 3895 87.

431 3920 582 3983 Θεοτόκος
602 3924 702 3981 extat.
749 3917 899 3981 Ostendit
920 3938 1045 4000 quoque
1061 3916 1252 3980 Pearsonius
1268 3916 1442 4002 Origenem
1459 3936 1518 3979 eun

430 4019 503 4081 dem
515 4040 623 4082 vocem
638 4019 840 4092 adhibuisse:
863 4018 925 4082 vid.
942 4017 1076 4101 Symloh'
1087 4019 1196 4103 Εορος.
1208 4018 1250 4081 sd
1263 4019 1371 4083 Artie.
1384 4020 1486 4082 Notus
1494 4036 1519 4080 a

431 4122 545 4184 Morio
563 4121 697 4205 ίῆῗτρίτιο,
714 4144 745 4205 p.
767 4123 834 4200 178.
881 4119 973 4183 Alius
989 4126 1145 4204 praeterea
1160 4119 1296 4203 scriptor
1308 4121 1453 4203 ejusdem
1467 4120 1519 4183 fere

430 4222 583 4307 temporis
606 4223 809 4286 adducendus
829 4229 887 4298 est,
905 4221 1082 4285 Archelaus
1105 4220 1334 4285 Caroharensis
1356 4223 1519 4307 episeopus,

431 4324 484 4407 qui
509 4324 541 4386 in
567 4324 667 4388 veteri
691 4325 811 4387 Latina
835 4323 1106 4408 interpretatione
1128 4323 1357 4407 Dieprsotioais
1379 4346 1445 4389 suae
1466 4341 1520 4387 css

433 4429 529 4493 Μοοο
549 4451 618 4514 cap.
635 4427 740 4491 xxxiv.
756 4450 788 4512 p.
806 4443 860 4512 59.
880 4427 913 4492 S.
935 4428 1078 4491 Marium
1097 4426 1163 4490 Da·
1182 4426 1361 4511 pesas-icam
1384 4427 1518 4512 appellet

432 4529 583 4596 Ceterum
603 4532 644 4594 de
664 4529 755 4594 simili
776 4529 1063 4614 interpretamento
1079 4529 1125 4592 sio
1145 4527 1271 4613 seripsit
1285 4527 1319 4591 in
1331 4528 1519 4593 Adversarii

431 4633 497 4697 suis
522 4634 565 4696 [ο.
584 4632 801 4708 casaubonus,
818 4639 840 4669 “
857 4633 989 4695 Veteres
1012 4631 1045 4694 in
1068 4653 1105 4694 eo
1131 4651 1263 4708 errasse,
1277 4631 1364 4714 qnod
1388 4631 1519 4715 putarint

433 4734 583 4818 “duplex
608 4733 726 4799 Christi
750 4755 850 4818 genus
870 4733 1015 4806 describi,
1031 4755 1051 4796 a
1072 4733 1235 4796 Matthaeo
1254 4732 1388 4817 regium,
1404 4757 1426 4799 a
1446 4734 1519 4798 Lues

433 4841 452 4871 ‘⁴
468 4833 697 4899 sacerdotale.''
722 4832 966 4912 Oosaaboaiaau,
983 4857 1054 4920 pag.
1073 4855 1125 4919 95.
1140 4857 1161 4898 a
1175 4834 1296 4898 Wolfio
1311 4836 1410 4900 edita

476 4937 514 5000 P.
526 4955 597 5017 229.
607 4935 627 4998 l.
643 4954 692 5015 14.
707 4935 838 5020 ἐνθένδε]
855 4939 993 5000 έντεΰθεν
1002 4938 1079 5001 MS.
1092 4936 1219 5002 Caelia.
1257 4936 1339 5001 Mox
1356 4944 1518 5018 Σολομῶυος

432 5061 504 5102 σατις
515 5065 531 5100 ο
542 5039 634 5122 μίκρῳ
646 5038 713 5100 eod.
727 5037 798 5099 MS.
808 5045 942 5121 uterque
951 5059 1009 5123 pro
1020 5043 1208 5116 Σολομῶνος,
1219 5038 1304 5121 quod
1314 5038 1463 5103 usitatius
1471 5042 1516 5100 est·

435 5141 511 5225 Legi
526 5146 659 5225 possunt
675 5141 894 5221 ἐροτηματικῶς
904 5141 976 5205 duoe
992 5138 1159 5204 sententiae
1173 5139 1317 5225 proxime
1328 5148 1499 5227 sequentes.
