3917 6467
434 1080 497 1146 152
816 1079 1167 1148 ANNOTATIONES
1228 1132 1231 1139 .

434 1251 487 1315 ubi
514 1244 596 1315 inira
621 1251 769 1316 scribitur
793 1259 842 1316 τοῦ
865 1257 949 1318 Θεοῦ
970 1275 1028 1337 pro
1050 1257 1182 1333 Χριστοῦ
1203 1267 1235 1337 1).
1252 1270 1301 1314 ιο.
1316 1250 1337 1313 1.
1348 1266 1380 1335 5.·
1421 1248 1510 1315 Oodcx

433 1354 575 1417 continet
591 1352 719 1417 nuent
733 1355 944 1418 Historiarum
955 1357 1122 1439 1310111111,
1137 1359 1286 1438 utsupra
1299 1352 1438 1417 ostendi.

477 1454 515 1518 P.
535 1475 604 1539 131.
632 1455 653 1518 l.
674 1476 722 1536 14.
749 1454 882 1537 μάρτυρα
904 1463 964 1521 τῶν
988 1460 1069 1522 ἰδίων
1094 1457 1210 1530 noddo]
1233 1453 1451 1530 Constantius,
1474 1448 1514 1515 nbi

433 1578 537 1633 supra,
563 1557 671 1619 Rufini
693 1557 989 1642 interpretationem
1008 1557 1170 1642 adposuit,
1187 1565 1354 1639 mmmm
1373 1551 1516 1638 1111111111

431 1656 492 1721 siti
513 1658 547 1720 in
568 1658 670 1720 multis
685 1657 876 1742 passionibus
897 1661 976 1722 testis
1001 1661 1149 1724 astiterat.
1192 1657 1303 1742 Atque
1328 1655 1403 1719 hinc
1428 1655 1518 1718 firma

431 1759 508 1822 illud
523 1758 555 1822 S.
573 1758 746 1822 Clementis
761 1760 895 1823 Romani
916 1761 948 1824 in
968 1759 1109 1845 Epistola
1128 1758 1173 1823 ad
1188 1757 1367 1832 0011111λὶ01,
1384 1762 1448 1823 τοῖς
1461 1758 1519 1837 ito

430 1863 503 1927 δίοις
524 1865 576 1923 rori
599 1866 680 1924 Θεοΰ
702 1861 969 1941 ἀρκούμενοι-καὶ
990 1865 1028 1925 τὸ
1047 1865 1288 1925 ΠΑΘΗΜΑΤΑ
1311 1859 1403 1923 αὐτοῦ
1422 1859 1460 1938 ἦν
1475 1856 1521 1938 :pt

431 1964 596 2041 ὀφθαλμῶν
610 1964 700 2040 ὑμῶν.
716 1984 784 2046 cap.
802 1962 833 2026 ii.
850 1963 904 2026 ubi
920 1963 1080 2028 Patricius
1092 1962 1117 2026 J
1118 1961 1210 2026 unius
1223 1959 1385 2040 παθήματα
1394 1959 1429 2022 in
1442 1958 1522 2039 pati·

431 2088 510 2142 ματα
531 2070 691 2126 mutatum
713 2064 820 2128 voluit.
866 2065 1014 2129 Ceterum
1039 2064 1219 2144 παθημάτων
1239 2085 1299 2149 pro
1320 2067 1428 2127 παθόν
1448 2060 1523 2126 codd.

439 2165 578 2227 Vennum
592 2164 709 2229 habere
723 2172 862 2230 testatus
875 2173 926 2231 est
942 2167 1113 2231 Burtonus

475 2267 513 2330 P.
530 2286 600 2350 132.
615 2266 634 2330 1.
648 2289 678 2345 4.
694 2267 749 2345 τὴν
768 2269 1164 2352 εὔσπλαγχνονέκκλησίαν]
1185 2267 1236 2333 Ea
1248 2267 1331 2343 vido,
1347 2288 1420 2353 quoe
1436 2286 1524 2351 11111111

430 2368 579 2432 annotavi
594 2369 636 2432 ad
653 2368 756 2431 Errsr.
774 2368 876 2431 Luco.
892 2391 929 2430 11
945 2369 1118 2432 Vrunnuns.
1134 2391 1206 2454 pag.
1217 2372 1292 2454 367.

477 2469 559 2534 ibid.
574 2470 595 2533 l.
608 2486 638 2554 5.
659 2474 759 2557 πολλῇ
774 2495 807 2533 τε
827 2475 860 2550 τῇ
879 2469 979 2549 δεήσει
997 2470 1201 2555 χρησόμενον]
1225 2470 1276 2535 De
1299 2471 1525 2536 Poenitentinm

430 2572 541 2636 habitu
560 2577 715 2657 gestuque
735 2572 805 2634 vide
821 2572 1011 2638 Tertullian.
1029 2573 1069 2636 de
1085 2572 1245 2637 Pudicitia
1261 2595 1330 2659 cap.
1350 2593 1398 2659 13.
1447 2574 1525 2638 Item

430 2675 470 2737 dc
487 2673 682 2738 Poenitentia
696 2695 723 2736 0.
735 2693 765 2755 9.
782 2682 815 2738 et
834 2674 1039 2760 Beveregium
1059 2676 1181 2741 Annot.
1197 2675 1230 2739 iu
1242 2674 1324 2740 Can.
1337 2675 1381 2740 xi.
1398 2674 1525 2742 concilii

432 2775 550 2841 Nicaeni
567 2774 676 2851 Primi,
692 2797 723 2859 p.
737 2790 789 2855 72.
812 2775 968 2839 Rusnrne.

475 2876 556 2939 Ibid.
577 2877 599 2938 l.
614 2879 643 2939 6.
667 2878 735 2942 τοὺς
753 2879 902 2956 μώλωπας
920 2879 962 2941 ὦν
982 2876 1101 2959 εἰλήφει
1121 2879 1259 2962 πληγῶν]
1281 2878 1435 2943 Valesius
1458 2884 1526 2965 post

430 2977 581 3041 Rufinum
606 2978 740 3055 addidit,
758 3001 821 3063 pro
843 2979 958 3043 Chresti
971 2981 1156 3064 conscsnonc.
1201 2980 1247 3045 Et
1269 2980 1322 3044 hio
1344 2980 1525 3045 haerendum

429 3081 543 3144 Graeco
564 3079 727 3144 duximus:
751 3081 889 3145 maxime
911 3104 983 3145 cum
1002 3082 1207 3166 flagellomm
1223 3082 1339 3166 quibus
1361 3083 1526 3147 Nataliss

429 3183 548 3245 sanctis
568 3181 688 3266 angelis
707 3203 807 3246 caesus
826 3190 885 3259 est,
902 3183 1047 3268 proxima
1062 3184 1189 3261 mentio,
1205 3184 1316 3269 plagas
1334 3205 1395 3269 pro
1410 3183 1525 3250 christi·

427 3283 607 3347 desertione
631 3285 748 3367 potius,
771 3306 866 3368 quam
884 3307 946 3368 pro
971 3285 1086 3349 Christi
1107 3287 1284 3371 confossione
1305 3296 1458 3372 acceptas
1478 3286 1525 3351 hic

429 3385 560 3469 intelligi
576 3385 725 3469 postulet.
749 3386 921 3450 Gousmnr.

473 3489 556 3551 Ibid.
572 3488 593 3551 l.
609 3504 655 3571 15.
673 3491 795 3569 Γραφᾰς
808 3491 865 3566 μὲν
879 3491 960 3555 θείας
977 3487 1049 3572 δια]
1067 3488 1223 3552 Eusebius
1238 3489 1306 3553 haec
1325 3489 1524 3575 interposuit

426 3593 552 3658 Τούτοις
567 3590 801 3672 ἑπισυνάψωμεν
816 3592 863 3654 καὶ
883 3591 980 3656 ἄλλας
994 3592 1061 3670 περὶ
1081 3597 1140 3654 τῶν
1155 3592 1250 3655 αὐτῶν
1269 3598 1322 3654 τοῦ
1341 3593 1433 3656 αὐτοῦ
1454 3619 1529 3675 ony-

427 3691 567 3773 γραφέως
583 3695 685 3772 φωνὰς
706 3697 812 3755 τοῦτον
834 3694 963 3774 ἐχούσας
982 3692 1034 3754 τὸν
1053 3694 1171 3772 τρόπον·
1196 3697 1353 3756 ΓΡΑΦΑΣ
1371 3696 1430 3772 μὲν
1448 3697 1526 3760 θείας

426 3794 485 3857 dcc.
526 3794 586 3857 His
609 3793 785 3876 orly'iciemus
809 3793 876 3857 olio
897 3816 1009 3878 quoquc
1032 3793 1160 3877 ejmdem
1180 3795 1335 3878 emptoris
1358 3796 1396 3859 cle
1419 3795 1525 3859 isidore

426 3894 577 3959 hereticis
606 3895 705 3972 certo,
731 3918 800 3981 qcoe
823 3896 867 3959 sic
888 3895 1019 3960 hubent:
1051 3895 1221 3959 SAoRAs
1248 3895 1385 3980 quidem,
1411 3897 1525 3981 inquit,

427 3997 602 4082 scripturas
617 3998 673 4061 &c

473 4099 557 4161 Ibid.
573 4097 848 4183 ῥεραδιαυμγήκασι]
865 4099 975 4164 Vertit
991 4100 1117 4183 quidem
1132 4106 1205 4183 post
1220 4099 1371 4161 Rufinum
1387 4107 1525 4165 voterem

427 4200 633 4284 interpretem
650 4201 815 4264 Musculus
829 4211 1033 4285 comportent,
1049 4201 1255 4284 Valesiusque
1268 4200 1525 4281 common,

426 4310 462 4364 et
476 4301 620 4364 similiter
631 4302 934 4387 Christophorsonus
944 4303 1155 4386 depravares.
1185 4302 1406 4366 Dubitandum
1417 4314 1525 4370 autem

427 4410 488 4479 est,
499 4411 605 4467 utrum
621 4403 671 4467 hic
684 4404 810 4488 quidem
820 4404 915 4467 verbo
926 4406 1113 4485 ραδιουργεῖν
1123 4402 1323 4467 adulterandi
1338 4405 1525 4489 subjiciatur

428 4504 527 4579 notio,
544 4506 603 4568 etsi
624 4505 671 4569 ita
685 4505 832 4591 deinceps
847 4507 886 4569 de
901 4506 1013 4568 iisdem
1028 4504 1206 4568 hominibus
1220 4512 1375 4590 tanquam
1390 4507 1524 4572 falsariis

428 4604 547 4668 scribat
561 4616 683 4682 auctor,
699 4613 763 4672 sois
778 4608 869 4672 θείαις
883 4613 1016 4687 γραφαῖς
1030 4605 1155 4686 ἀφόβως
1174 4606 1329 4685 ἐπέβαλον
1343 4610 1396 4674 ries
1410 4616 1524 4691 χεῖρας,

426 4705 569 4787 λέγοντες
584 4708 672 4774 αὐτὰς
687 4707 892 4788 διορθοκέναι,
908 4707 961 4770 lin.
975 4729 1006 4791 9.
1021 4729 1094 4792 pag.
1111 4707 1437 4792 proxime-sequentis.
1476 4711 1523 4774 Ea

424 4807 509 4870 euim
534 4830 604 4892 quae
630 4808 772 4892 proxime
802 4816 875 4892 post
904 4809 1061 4885 dicuntur,
1089 4810 1221 4873 suadere
1248 4810 1299 4873 hic
1325 4813 1462 4894 possint,
1487 4821 1522 4876 nt

421 4909 466 4971 'de
489 4931 590 4993 prava
611 4909 717 4993 potius
740 4916 860 4973 sanctes
880 4911 1046 4994 scripturae
1070 4911 1343 4996 interpretatione,
1364 4896 1461 4998 quam
1483 4914 1521 4977 de

422 5011 627 5095 corruptione
645 5010 722 5096 ejus,
738 5011 892 5095 postulari
911 5011 1053 5076 haeretici
1066 5012 1120 5076 isti
1140 5011 1287 5076 censendi
1304 5012 1381 5077 sint.
1426 5016 1520 5078 Certe
