3917 6467
484 1086 528 1152 90
814 1078 1056 1160 uuaromra
1079 1078 1251 1144 sacam.

487 1259 578 1354 ὕλης
597 1260 705 1334 εἰπεῖν
724 1289 778 1337 τις
800 1254 917 1335 ἐθέλοι
935 1253 1000 1334 τὸν
1025 1251 1136 1351 Θεὸν,
1153 1259 1329 1333 πλεῖστον
1351 1249 1442 1330 ὅσον
1466 1247 1591 1352 μικρά

484 1424 588 1492 τερον
604 1388 713 1468 αὐτὸν
729 1394 793 1488 τῆς
812 1391 901 1488 ὕλης
920 1387 1031 1489 λε’γει·
1063 1388 1153 1489 εἴγε
1171 1386 1216 1486 δὴ
1233 1387 1340 1489 με’ρος
1363 1387 1484 1485 αὐτῆς,
1503 1385 1597 1465 ὅλον
1620 1432 1623 1437 -

484 1525 668 1630 ἐχώρησεν
686 1524 805 1604 αὐτόν.
839 1531 867 1604 εἰ
887 1529 919 1603 δ’
940 1526 978 1602 ἐν
996 1524 1100 1628 πάσῃ
1119 1520 1206 1603 εἶναι
1225 1523 1337 1625 λε’γοι,
1355 1525 1415 1602 καὶ
1437 1523 1480 1601 δι’
1501 1521 1594 1621 ὅλης

484 1660 719 1764 κεχωρηκέναι
733 1664 795 1758 τῆς
810 1661 908 1758 ὕλης,
921 1665 999 1741 πῶς
1011 1656 1143 1756 ταύτην
1156 1655 1377 1759 ἐδημιούργει
1388 1658 1587 1762 φραστέον.

484 1793 623 1898 ἀνάγκη
642 1793 713 1895 γάρ
731 1792 754 1893 ἢ
774 1792 964 1891 σνστολήν
982 1827 1061 1872 τινα
1079 1801 1142 1871 τοῦ
1161 1798 1256 1872 Θεοῦ
1274 1791 1402 1892 λέγειν,
1419 1791 1464 1891 ἧς
1481 1824 1616 1893 pero-5

483 1928 589 2029 μένης
621 1928 842 2030 ἐδημιούργει
875 1930 996 2018 ἐκεῖνο,
1029 1927 1093 2032 ἀφ’
1126 1926 1167 2004 οὗ
1198 1925 1439 2030 ὑπεχώρησεν,
1472 1923 1497 2025 ἢ
1531 1929 1589 2004 καὶ

484 2063 609 2143 ἑαυτὸν
627 2070 672 2168 τῇ
692 2065 761 2167 ὕλη
780 2065 1087 2163 συνδημιουργεῖν,
1100 2063 1165 2140 οὐκ
1182 2059 1311 2165 ἔχοντα
1325 2058 1590 2165 ὑποχωρήσεως

482 2197 606 2278 τάπον.
669 2205 713 2278 Ei
742 2197 780 2277 δέ
809 2198 875 2298 τὴν
903 2201 996 2296 ὕλην
1023 2199 1061 2275 ἐν
1088 2201 1140 2301 τῷ
1167 2201 1251 2301 Θεῷ
1279 2193 1370 2275 εἶναι’
1394 2229 1448 2278 τις
1480 2194 1588 2301 λε’ξει,

484 2332 614 2431 ὁμοίως
632 2330 804 2438 ἐξετάζειν
829 2335 890 2424 δεῖ,
908 2332 1060 2433 πότερον
1085 2333 1133 2413 ὡς
1151 2330 1378 2427 διισταμεῖιου
1396 2331 1505 2410 αὐτοῦ
1523 2332 1587 2436 ἀφ’

484 2467 620 2562 ἑαυτοῦ,
640 2470 698 2544 καὶ
717 2463 843 2567 ὥσπερ
860 2468 899 2544 ἐν
917 2466 993 2567 ἀέρι
1018 2464 1116 2567 ζώων
1140 2463 1289 2568 ὑπάρχει
1313 2464 1410 2566 γε’νη,
1429 2466 1582 2564 διαιρου-
1599 2503 1628 2542 ιο

484 2599 591 2698 με’νον
610 2604 669 2679 καὶ
683 2598 907 2703 μεριζομένον
920 2601 1029 2678 αὐτοῦ
1047 2605 1094 2682 εὶς
1109 2596 1290 2701 ὑποδοχὴν
1302 2604 1376 2677 τῶν
1393 2599 1587 2699 γινομένων

484 2735 523 2813 ἐν
541 2735 646 2837 αὐτῷ,
665 2731 688 2833 ἢ
707 2737 755 2815 ὡς
773 2737 811 2812 ἐν
828 2731 939 2839 τάπερ,
958 2733 1142 2812 τουτέστιν
1159 2731 1284 2835 ὥσπερ
1302 2735 1340 2812 ἐν
1357 2738 1408 2836 γῇ
1425 2735 1531 2838 ὕδωρ.
1558 2740 1586 2814 εἰ

483 2866 549 2965 μέν
568 2865 640 2968 γάρ
659 2866 814 2965 εἴποιμεν
833 2869 881 2948 ὥς
896 2870 936 2946 ἐν
953 2867 1039 2969 ἀέρι,
1057 2865 1229 2968 μεριστὸν
1247 2866 1385 2968 ἀνάγκη
1409 2867 1474 2947 τὸν
1493 2868 1588 2948 Θεὸν

484 3008 605 3082 εἰπεῖν.
627 3008 656 3080 εὶ
676 3005 710 3080 δ’
731 3000 857 3104 ὥσπερ
876 3004 914 3079 ἐν
933 3007 982 3104 γῇ
1000 3000 1042 3080 τὸ
1062 3004 1166 3102 ὕδωρ,
1185 3000 1229 3101 ἦν
1248 3001 1285 3080 δέ
1304 3001 1456 3088 ἀτωετος
1473 3005 1497 3103 ἡ
1516 3006 1587 3100 ὕλη

484 3141 543 3218 καὶ
565 3135 781 3238 ἀκόσμητοτ,
799 3137 890 3240 πρὸς
915 3138 959 3237 δὴ
984 3136 1120 3221 τούτοις
1145 3138 1280 3242 ἐχουσα
1307 3139 1365 3215 καὶ
1393 3135 1498 3235 κακὰ,
1523 3135 1603 3223 τὸν,
1609 3184 1623 3241 5

485 3272 580 3353 Θεὸν
609 3271 726 3374 λε’γειν
755 3270 894 3375 ἀνάγκη
920 3270 1033 3352 τάπον
1064 3270 1149 3350 εἶναι
1182 3278 1254 3350 τῶν
1282 3271 1499 3370 ἀκοσμήτων
1528 3275 1584 3351 καὶ

397 3576 402 3584 ·
484 3560 548 3636 ejus
560 3559 657 3635 aliqua
669 3559 764 3617 Deum
782 3561 928 3637 integrum
940 3579 1009 3617 oon.
1060 3561 1090 3617 in
1112 3579 1177 3618 aere
1198 3569 1243 3618 tot
1267 3558 1458 3617 animantium
1479 3578 1583 3636 genera

485 3640 602 3698 tineret.
644 3639 694 3695 Sin
710 3650 801 3698 totam
825 3641 861 3698 ab
875 3660 910 3697 eo
924 3660 1010 3697 occu.
1061 3650 1222 3706 versantur,
1250 3650 1285 3697 ut
1312 3640 1387 3698 idem
1414 3637 1452 3696 ad
1477 3658 1512 3697 ea
1539 3660 1582 3697 ca·

484 3730 580 3797 patam
606 3739 668 3777 esse
697 3718 806 3788 dicent,
830 3730 860 3777 et
887 3740 939 3798 per
964 3731 1009 3777 to.
1060 3719 1167 3799 piends
1190 3740 1255 3797 qure
1279 3719 1310 3776 in
1334 3720 1397 3798 ipso
1421 3719 1508 3788 fiunt,
1533 3719 1583 3776 ali·

484 3810 542 3857 tam
572 3819 639 3857 eum
665 3799 822 3877 pervadere
846 3801 1009 3867 materiam,
1061 3820 1147 3877 quam
1171 3800 1296 3878 partium
1326 3819 1443 3858 suarum
1467 3798 1626 3858 divisio-²⁰

484 3879 583 3937 dicant
618 3879 673 3958 ipsi
708 3898 835 3956 quoque,
872 3879 1010 3957 quemad·
1061 3901 1127 3938 nem
1153 3880 1293 3959 patiatur,
1314 3901 1352 3938 an
1383 3881 1494 3958 potius,
1521 3891 1585 3938 tan·

484 3961 601 4017 modum
625 3979 687 4016 eam
708 3960 855 4017 elaborare
877 3961 958 4017 Deus
978 3980 1011 4018 aa
1061 3980 1147 4037 quam
1169 3962 1200 4017 in
1215 3959 1288 4023 looo,
1305 3962 1361 4019 hoo
1381 3970 1437 4026 est,
1456 3971 1491 4018 ut
1512 3980 1585 4037 aqua

484 4039 630 4117 perpolire
662 4040 800 4115 potuerit.
858 4039 1009 4118 Siquidem
1061 4043 1092 4098 iu
1116 4050 1193 4099 terra
1217 4039 1383 4100 collocatur.
1426 4040 1457 4098 Si
1483 4061 1582 4118 quem·

484 4131 535 4176 aut
565 4138 627 4176 sese
652 4118 750 4176 Deum
781 4119 931 4196 collegisse
958 4140 1010 4178 ue-
1061 4120 1216 4179 admodum
1244 4122 1274 4178 in
1304 4141 1378 4189 aere,
1404 4122 1499 4180 Deum
1525 4120 1584 4197 jam

484 4219 562 4257 cesse
587 4199 653 4264 erit,
681 4199 780 4273 itaque
804 4210 914 4278 partem
945 4220 1008 4258 eam
1060 4202 1210 4267 habemus,
1225 4202 1276 4278 qui
1294 4202 1325 4259 iu
1346 4213 1444 4280 partes
1462 4200 1583 4261 distrahi
1595 4209 1625 4266 25

484 4279 688 4343 conformasse,
711 4298 748 4334 ex
767 4299 824 4355 qua
844 4291 1010 4346 secesserat,
1060 4282 1207 4359 sedarique
1229 4282 1331 4360 possit.
1376 4282 1429 4340 Sin
1453 4292 1488 4340 ut
1511 4303 1585 4361 aqua

484 4367 536 4416 aut
563 4357 641 4433 quod
670 4356 724 4415 loci
758 4359 788 4417 in
816 4379 903 4436 quem
931 4381 1008 4418 sece-
1059 4363 1089 4420 in
1111 4373 1188 4420 terra
1209 4373 1264 4428 est,
1286 4363 1407 4421 materia
1427 4383 1497 4421 vero
1517 4384 1584 4442 per·

484 4438 566 4496 deret
594 4437 666 4494 nihil
691 4439 810 4496 omniuo
833 4451 1007 4519 superesset,
1059 4443 1176 4500 turbata
1208 4453 1296 4519 atque
1332 4443 1476 4520 indigesta
1512 4456 1583 4515 erat,

483 4538 548 4576 eum
564 4518 684 4575 materia
698 4537 729 4576 se
748 4521 842 4598 ipsum
862 4541 921 4579 una
938 4542 1008 4579 oon.
1058 4522 1188 4599 adeoque
1208 4524 1283 4581 mala
1302 4524 1413 4601 gremio
1437 4543 1492 4582 suo
1516 4546 1586 4584 ooa-

483 4599 630 4657 fomrasse.
672 4597 738 4656 Jam
765 4621 844 4670 vero,
870 4603 894 4659 si
916 4611 1007 4659 mate·
1059 4603 1182 4669 tinebat,
1216 4614 1349 4682 superest
1384 4605 1514 4675 omnino,
1550 4604 1628 4673 'ut30

483 4677 553 4735 riam
578 4679 608 4735 in
630 4680 695 4736 Deo
719 4700 781 4739 esse
803 4682 1007 4760 respondeant,
1059 4684 1153 4762 ipsum
1173 4703 1290 4760 quoque
1312 4685 1419 4753 Deum,
1437 4695 1468 4743 et
1486 4706 1582 4745 rerum

483 4758 670 4835 querendum
721 4761 854 4820 similiter
904 4762 1006 4829 fuerit,
1058 4764 1292 4842 imperfectarum
1317 4775 1348 4823 et
1371 4764 1514 4823 malorum
1539 4789 1582 4826 se·

483 4848 582 4896 utrum
604 4840 645 4897 sic
666 4841 696 4897 in
716 4861 751 4898 eo
769 4854 925 4909 statuatur,
940 4853 1008 4900 uta
1058 4844 1123 4902 dem
1152 4865 1185 4903 ac
1219 4844 1313 4904 locum
1347 4865 1410 4904 esse
1443 4844 1581 4906 dieamus.

482 4938 513 4976 se
548 4920 611 4998 ipso
645 4922 726 4997 quasi
763 4922 926 4998 disjunctus
957 4922 1007 4982 ille
1059 4924 1147 4995 Quod
1168 4926 1239 4984 mihi
1260 4926 1376 5002 quidem
1398 4946 1464 4984 oum
1485 4929 1582 4986 minus

483 4997 695 5078 distractusque
718 5002 767 5066 sit,
794 5003 939 5078 quomodo
966 5004 1007 5062 sic
1058 5004 1191 5081 religiose
1212 5006 1279 5074 dici,
1299 5018 1360 5065 tum
1382 5008 1433 5065 abs
1454 5018 1484 5066 te
1506 5009 1623 5088 peri-35
