3917 6467
385 1084 393 1097 '
426 1079 496 1146 346
798 1079 1152 1149 ANNOTATIONES

428 1258 512 1323 enim
534 1257 651 1322 dicitur
673 1267 710 1321 ut
733 1260 896 1338 ἐκθραΰται.
919 1259 1081 1322 Vsnrsrus.
1132 1261 1287 1340 φιλιαΰται
1308 1263 1438 1342 utroque
1454 1251 1505 1317 loco

427 1357 528 1423 edidit
558 1358 750 1444 Stephanus,
779 1359 835 1422 sed
860 1367 1013 1440 φςλοῢται,
1037 1359 1123 1444 quod
1148 1366 1286 1443 praestst
1310 1358 1385 1423 MS.
1408 1376 1508 1442 quoquc

428 1459 530 1526 Saoil.
546 1482 601 1524 seu
617 1460 709 1524 Bodl.
724 1461 757 1524 in
779 1468 906 1535 textum
928 1467 1092 1546 praeeunte
1113 1459 1261 1525 Strothio
1282 1458 1396 1544 recepi.
1439 1458 1510 1522 Iden

429 1582 554 1647 quoque
583 1562 736 1648 scriptum
763 1561 866 1626 inveni
892 1562 924 1626 in
949 1562 1122 1629 Athanasii
1146 1564 1268 1648 Isterp.
1283 1563 1319 1627 iu
1341 1563 1422 1626 Mat.
1446 1558 1512 1645 spol

430 1662 650 1729 Montlaucon.
678 1665 793 1729 Οοίίναί.
808 1666 890 1729 Νοο.
907 1666 985 1729 ΡΡ.
1001 1672 1080 1730 tom.
1095 1665 1128 1729 ii.
1141 1687 1173 1750 p.
1192 1666 1243 1729 26.
1261 1663 1315 1749 qui
1331 1663 1455 1749 quidem
1470 1684 1512 1747 pa·

320 1794 324 1801 ·
427 1772 479 1831 ter
493 1766 596 1831 locum
611 1767 751 1851 priorem·
764 1766 1095 1831 Eusebiisuuml'ecit.
1130 1764 1381 1851 Porro‘Tpxlqu
1391 1766 1513 1847 caletus

426 1868 525 1933 habet
544 1869 700 1953 Georgius
722 1890 846 1954 quoque
867 1868 1031 1953 Syncellus
1052 1868 1085 1931 in
1102 1867 1329 1955 Olmoympl.
1342 1889 1374 1953 p.
1393 1869 1460 1950 296.
1473 1865 1513 1929 ubi

428 1971 468 2037 de
485 1972 650 2056 Antipatri
670 1982 743 2036 ortu
760 1972 949 2037 Africanum
969 1980 1098 2038 secutus
1118 1971 1208 2058 agiu
1232 1992 1306 2056 quoe
1326 1970 1452 2054 quidem
1467 1969 1515 2033 lor-

428 2090 517 2139 tasss
539 2073 698 2160 Georgius
719 2073 772 2138 ille
796 2074 975 2159 descripsit,
1001 2097 1064 2138 non
1090 2097 1131 2139 ex
1156 2075 1217 2139 hac
1242 2072 1391 2158 epistola
1413 2073 1465 2136 sed
1484 2091 1514 2135 cr

430 2176 588 2241 aluminis
600 2175 754 2250 Africani,
767 2176 884 2240 namin
896 2176 949 2240 illo
961 2199 1087 2262 quoque
1097 2198 1192 2261 opere
1202 2175 1395 2239 Africanum
1406 2173 1515 2259 hujusce

428 2278 479 2342 rei
490 2278 682 2343 mentionem
698 2276 808 2342 iecisse
823 2287 873 2342 est
888 2279 1156 2355 verisimillimum,
1168 2299 1242 2342 cum
1261 2277 1304 2340 de
1320 2276 1450 2340 Herode
1465 2273 1514 2338 lilio

428 2379 540 2455 multo,
556 2388 645 2444 ntea
662 2378 808 2464 syncello
822 2387 958 2457 constat,
974 2380 1126 2465 posuerit.
1157 2379 1233 2442 vid.
1248 2380 1349 2443 Num.
1361 2401 1445 2442 mx.
1476 2376 1513 2440 Er

427 2482 538 2547 iisdem
554 2504 682 2566 quoque
698 2480 841 2545 Africani
853 2481 1017 2546 chronicis
1028 2480 1225 2546 historiolam
1238 2501 1332 2544 suam
1343 2480 1385 2544 de
1395 2477 1513 2543 Herodis

427 2584 587 2649 natalibus
611 2582 809 2668 Epiphanius
831 2588 996 2646 mutuatus
1018 2604 1087 2647 esse
1109 2582 1244 2654 videtur,
1268 2582 1325 2666 qui
1351 2579 1511 2666 quidemin

431 2687 554 2749 Haeres.
577 2707 630 2747 xx.
653 2684 738 2747 inter
757 2683 823 2747 alia
843 2683 883 2746 de
906 2682 1084 2768 Antipatro
1104 2694 1196 2768 patre
1218 2683 1277 2756 ait,
1302 2685 1447 2765 ἔφςλςόθη
1467 2688 1512 2759 Δη·

427 2788 546 2871 μετρίῳ,
569 2786 602 2849 in
628 2785 754 2849 nomine
781 2792 890 2850 tamen
915 2807 1035 2849 errata.
1058 2807 1089 2849 n.
1118 2805 1166 2848 10.
1189 2808 1221 2869 p.
1241 2805 1297 2868 45.
1324 2786 1375 2850 ed.
1401 2781 1511 2848 Petavii

429 2887 521 2959 Nunc
536 2894 678 2951 testatur
694 2884 857 2951 Burtonus
871 2886 932 2973 legi
954 2891 1095 2967 φιλοῦται
1115 2886 1148 2949 in
1163 2885 1295 2949 Eusebii
1317 2885 1403 2950 codd.
1418 2893 1512 2969 prater

438 2990 582 3052 Venatum
595 3008 689 3052 suum
702 2989 858 3052 omnibus.

474 3090 512 3154 P.
530 3110 602 3174 235.
618 3090 637 3153 l.
658 3093 707 3153 16.
723 3090 900 3169 ἐπιμελητὴς
920 3093 971 3168 τῆς
992 3092 1199 3168 Παλαιστίνης
1218 3086 1418 3172 χρηματίσαι]
1437 3084 1510 3149 Ant-

429 3199 526 3278 pator
544 3188 686 3255 Herodis
707 3211 833 3275 parens,
855 3190 914 3254 sub
937 3192 1090 3275 Hyrcano
1111 3190 1303 3255 Judseorum
1326 3212 1401 3276 rege
1422 3208 1512 3275 prosu·

428 3296 589 3359 rationem
614 3294 715 3358 totius
744 3293 833 3377 regni
861 3292 973 3378 gessit,
1001 3300 1034 3356 et
1060 3293 1187 3378 negotia
1212 3299 1283 3356 tarn
1310 3292 1414 3356 civilia
1439 3307 1511 3375 quan

429 3395 581 3485 militaria
605 3395 850 3458 administravit.
903 3396 1020 3478 Itaque
1047 3394 1222 3473 ἐπιμελητὴς
1251 3397 1302 3472 τῆς
1328 3393 1469 3457 Ἰουδαίας
1489 3396 1512 3451 et

430 3501 586 3578 ἐπίτροπος
609 3507 742 3560 vocatur
770 3519 790 3559 a
816 3495 960 3581 Josepho
986 3497 1019 3558 in
1045 3496 1131 3559 dicto
1156 3494 1247 3559 libro.
1304 3495 1409 3557 Porro
1434 3491 1512 3556 codex

431 3600 519 3663 Med.
536 3607 570 3663 et
586 3598 681 3662 Savil.
697 3599 881 3680 χρηματίσας
896 3599 1051 3682 scriptum
1066 3599 1196 3674 habent,
1209 3619 1274 3659 non
1288 3600 1456 3677 προκόψας.
1486 3591 1513 3653 ln

431 3703 518 3764 Mar.
537 3709 646 3765 autem
672 3711 705 3763 et
727 3700 809 3762 Fuk.
833 3698 949 3783 legitur
974 3702 1162 3781 χρηματίσαι.
1208 3699 1315 3779 Quam
1342 3698 1513 3782 scripturam

429 3803 597 3867 confirmat
627 3802 833 3885 Nicephorus.
892 3802 944 3864 Sic
970 3801 1055 3863 enim
1084 3802 1183 3865 habet
1210 3822 1280 3884 cap.
1306 3821 1337 3884 9.
1363 3799 1417 3863 lib.
1442 3794 1514 3884 prini

429 3907 597 3988 ηὐτύχησαν
612 3905 696 3970 οὗτος
712 3905 889 3982 ἐπιμελητὴς
905 3909 955 3982 τῆς
965 3906 1171 3981 Παλαιστίνης
1181 3902 1337 3983 γενέσθαι.
1362 3902 1517 3986 Eleganter

431 4006 534 4073 (lraeoi
550 4006 660 4069 dicunt
679 4007 814 4087 εὐτυχεῖν
833 4006 867 4067 τὸ
889 4007 1042 4086 γενέσθαι.
1067 4006 1230 4066 Vanasrus.
1276 4005 1459 4085 χρηματίσαι
1476 4002 1517 4065 Jo-

429 4109 549 4173 uesicni
571 4129 681 4191 erernp.
698 4108 804 4191 Μσνρ.
828 4111 985 4189 προκόψας
1011 4107 1081 4171 ood.
1097 4108 1173 4191 1209.
1188 4113 1222 4169 et
1244 4105 1291 4169 ecl.
1314 4106 1419 4190 Stepl.
1440 4123 1518 4189 quau

429 4206 597 4276 lectionem
617 4204 758 4269 scholion
779 4228 847 4269 esse
867 4215 957 4291 puto,
973 4229 1036 4290 quo
1057 4206 1128 4290 quis
1143 4227 1250 4269 vocem
1273 4207 1460 4286 χρηματίσας
1481 4223 1521 4265 er·

430 4308 579 4392 plicabat.
626 4306 777 4370 Nostram
800 4307 968 4372 lectionem
988 4310 1173 4392 χρηματίσας
1194 4307 1315 4370 habent
1331 4306 1421 4369 Med.
1437 4301 1520 4369 Sacil.

431 4407 581 4493 Steplom
596 4416 629 4472 et
647 4408 812 4494 Christopb.
826 4412 920 4474 Leott.
945 4411 1078 4474 Sraern.
1123 4408 1336 4472 Retinendam
1351 4429 1413 4492 ego
1428 4403 1522 4470 censui

433 4510 548 4574 Valesii
563 4510 732 4574 lectionem
745 4514 937 4593 χρηματίσαι,
952 4533 1048 4595 quam
1063 4532 1173 4574 revera
1183 4532 1250 4594 prae
1262 4532 1295 4573 se
1307 4509 1373 4573 fert
1383 4509 1447 4572 cod.
1460 4508 1522 4572 Mt.

433 4611 532 4675 Sacil
549 4633 604 4674 scu
619 4611 709 4675 Bodl.
728 4613 783 4694 (de
805 4612 925 4676 Valesii
948 4613 1032 4677 enim
1055 4612 1162 4676 codice
1184 4611 1340 4695 impresso
1360 4610 1458 4674 variis
1476 4608 1524 4672 lec

431 4713 572 4778 tionibus
585 4720 693 4789 aucto,
709 4735 801 4796 quern
818 4714 1011 4778 Saviliunum
1026 4714 1175 4799 appellat,
1192 4712 1308 4798 saepius
1323 4713 1447 4777 dictum
1462 4714 1525 4789 est).

431 4815 605 4880 Bodleiano
626 4815 671 4877 illi
691 4817 792 4879 addas
812 4839 875 4880 non
898 4826 1026 4882 tantum
1041 4818 1118 4882 MS.
1138 4815 1279 4900 Norsolo.
1297 4817 1355 4879 sed
1380 4823 1415 4879 et
1431 4819 1526 4897 Μοτρ.

431 4917 650 5003 δίορίνοοίααον
673 4917 744 4980 edit.
766 4918 799 4980 in
824 4918 1017 4982 bibliotheca
1038 4918 1131 4982 Bodl.
1154 4927 1300 4982 servatae.
1346 4916 1440 4980 Nunc
1462 4934 1525 4978 vero

434 5020 568 5084 alteram
584 5019 751 5082 lectionem
766 5022 950 5101 χρηματίσας
965 5020 1095 5104 praefert
1107 5021 1280 5096 Burtnnus,
1290 5017 1412 5082 additis
1425 5040 1483 5103 pro
1495 5036 1527 5078 ea

434 5121 570 5185 testibus
584 5120 666 5183 codd.
683 5120 874 5184 Florentinis
894 5122 1083 5204 Venetoque3
1109 5121 1158 5184 cui
1174 5128 1282 5184 tamen
1298 5142 1362 5183 non
1377 5117 1525 5183 consentit

432 5220 648 5293 Heinichenus
662 5222 694 5284 in
711 5221 930 5307 supplamottis
944 5224 1108 5287 Nonarum.
