3917 6467
433 1080 499 1147 206
788 1083 1170 1148 -ANNOTATIONES

432 1252 509 1316 dum
523 1253 764 1334 προφητεύοντος
778 1253 899 1318 habent
913 1254 1016 1318 Peme.
1032 1275 1058 1317 1.
1073 1261 1107 1319 et
1122 1254 1262 1338 Norsolo.
1276 1254 1332 1339 qui
1345 1254 1385 1334 μὴ
1398 1251 1503 1318 ondttit

433 1356 522 1421 Oonf.
533 1357 617 1418 Mat.
629 1353 716 1417 xxiii.
730 1374 782 1435 24.
792 1377 812 1419 a
823 1355 961 1440 Didymo
976 1356 1071 1420 Alex.
1084 1356 1147 1421 fine
1160 1356 1275 1420 harum
1291 1358 1505 1420 Annotattssr

431 1458 537 1543 potius
550 1479 571 1521 a
587 1456 765 1521 Maximilla
779 1457 1114 1544 pseudo-prophetissa
1126 1458 1271 1523 allatum.

477 1560 515 1624 Ρ.
533 1562 603 1642 187.
618 1558 639 1623 1.
655 1579 705 1644 23.
722 1561 960 1646 ἀμετροφώνονς]
975 1560 1101 1625 Alludit
1114 1561 1155 1624 ad
1169 1560 1348 1647 epithetum
1365 1559 1511 1644 illud,un

432 1664 594 1727 Homerus
617 1661 650 1724 in
674 1662 776 1726 Iliade
796 1663 976 1728 Thersitam
998 1663 1115 1740 affecit,
1131 1664 1323 1744 ἀμετροεπὴς,
1339 1663 1426 1748 quod
1448 1662 1514 1726 idun

431 1774 481 1831 est
502 1788 540 1830 ao
559 1764 752 1849 falsiloquus.
798 1765 882 1830 Nam
901 1767 954 1851 qui
974 1766 1183 1840 mentiuntur,
1197 1765 1319 1828 nullum
1341 1765 1375 1828 in
1399 1765 1516 1830 dieendo

430 1869 559 1933 modum
573 1892 698 1934 servare
712 1870 826 1934 solent.
850 1869 1015 1934 Vermina.
1059 1874 1112 1937 τὰς
1123 1872 1222 1950 ἆρετρ.
1240 1869 1339 1932 αι’σῶν
1351 1869 1519 1950 προφητείας

431 1972 626 2053 ἔξεδεξάρτθα
649 1972 849 2057 Nioephorus
873 1973 993 2057 posuit.
1038 1973 1202 2037 Praestnnt
1226 1969 1426 2050 ἔξεδεξάρεθο
1449 1977 1520 2034 teate

430 2074 574 2139 Burtono
589 2075 675 2138 codd.
691 2075 875 2140 Fdrrmtiai.

473 2178 511 2242 P.
532 2177 638 2240 188.1.
657 2197 685 2241 1.
701 2183 760 2241 τῶν
779 2177 939 2262 γυναικῶν]
959 2183 1019 2240 τῶν
1037 2175 1159 2262 praefixi
1178 2182 1252 2260 post
1271 2174 1374 2238 MSS.
1391 2173 1523 2239 11111111

429 2278 567 2363 Norsolo.
583 2278 863 2364 Nicephorumque,
878 2277 928 2342 eui
950 2278 1076 2344 leetioni
1099 2280 1185 2345 favet
1206 2278 1282 2342 illud
1304 2278 1390 2342 infra
1409 2301 1441 2364 p.
1463 2296 1523 2362 193.

428 2381 448 2445 1.
466 2402 496 2448 2.
512 2382 579 2448 τοὺς
605 2381 664 2444 ἀπὸ
692 2381 852 2445 Μοντάνου
879 2382 926 2445 καὶ
951 2387 1010 2445 τῶν
1036 2388 1193 2463 γυναικῶν.
1240 2381 1334 2446 Cous.
1350 2389 1385 2446 et
1410 2404 1442 2467 p.
1460 2400 1524 2463 191.

429 2483 503 2549 Ηοο
523 2484 598 2547 olim
613 2491 807 2548 notaveram.
853 2483 945 2548 Nune
960 2485 1124 2548 Burtonus
1143 2490 1202 2548 τῶν
1216 2483 1349 2568 recepit,
1363 2484 1450 2568 quod
1465 2481 1526 2569 qui

427 2586 500 2650 dem
516 2586 561 2651 ait
576 2593 728 2672 praestare
743 2586 866 2651 oodiees
879 2608 989 2651 omnes
1005 2594 1122 2672 praeter
1135 2587 1266 2672 Itopium
1280 2593 1314 2651 et
1331 2587 1487 2652 Venatum.

473 2688 558 2753 Ibid.
572 2690 630 2754 ὑπὸ
644 2689 807 2774 Ἰουδαίων]
824 2690 896 2753 Hos
916 2688 1006 2766 dicit,
1020 2696 1189 2775 propterea
1210 2689 1296 2773 quod
1315 2689 1358 2755 ad
1380 2691 1406 2753 J
1407 2690 1527 2755 nda‘am

426 2799 556 2877 gentem
570 2791 739 2857 missurum
753 2814 786 2856 se
800 2814 870 2856 esse
884 2792 1056 2878 prophetas
1071 2791 1217 2857 Ohristus
1228 2791 1431 2877 promiserat.

473 2895 556 2959 Ibid.
572 2894 593 2959 1.
610 2915 641 2979 3.
655 2897 730 2976 ὑπὲρ
744 2899 796 2958 τοῦ
811 2894 969 2979 ὀνόματος]
992 2895 1033 2957 ln
1048 2893 1228 2978 Nicephoro
1248 2894 1366 2978 legitur
1384 2897 1460 2976 ὑπὲρ
1479 2898 1528 2958 τοῦ

428 2999 530 3077 νόμον,
546 2996 632 3082 quod
646 3018 710 3060 non
724 2997 834 3083 probo.
860 2995 1049 3060 subauditur
1068 2995 1152 3059 enim
1171 3000 1224 3058 τοῦ
1247 3001 1391 3076 Χριστοῦ,
1408 3003 1446 3061 ut
1466 2997 1526 3060 Ru·

427 3097 509 3162 finus
525 3105 559 3163 et
574 3097 881 3184 Christophorsonus
902 3098 1066 3183 supplevit.
1114 3097 1165 3162 sio
1179 3097 1263 3162 infra
1278 3120 1348 3182 ουρ.
1369 3100 1418 3163 18.
1433 3098 1528 3186 loqui-

426 3206 481 3264 tur
505 3199 702 3285 Apollonius,
725 3200 779 3265 ubi
801 3202 841 3265 de
862 3201 1050 3266 Alexandro
1076 3210 1186 3285 (supra
1208 3200 1282 3265 Vol.
1299 3200 1328 3263 1.
1351 3223 1426 3286 pag.
1441 3207 1526 3284 470.)

428 3302 592 3367 Vaaasms.
639 3305 797 3368 Additum
823 3310 883 3380 est,
908 3303 963 3367 sed
989 3303 1127 3368 secunda
1151 3324 1259 3379 manu,
1283 3303 1316 3366 in
1342 3303 1407 3368 eod.
1425 3305 1529 3389 priori

426 3405 601 3470 Ftoreatiuo
630 3405 706 3470 illud
733 3412 784 3469 τοῦ
809 3409 952 3486 Χριστοῦ.
1008 3405 1162 3469 Conferas
1189 3406 1325 3470 Annott.
1354 3407 1387 3469 in
1412 3406 1446 3470 S.
1471 3407 1529 3471 Pa

427 3529 515 3569 rann
539 3508 642 3571 Anax.
659 3507 735 3571 Vol.
750 3507 814 3571 111.
831 3506 929 3592 Reuq.
942 3509 1030 3570 ὅσον.
1047 3529 1080 3592 ρ.
1092 3524 1167 3592 353.
1183 3514 1216 3571 et
1231 3507 1264 3571 in
1275 3510 1439 3571 Auctorem
1457 3510 1527 3573 Coa

426 3616 478 3670 tro
497 3609 668 3672 Haeretioos
691 3608 767 3672 Vol.
793 3609 822 3671 1.
850 3608 964 3692 Sorrpt.
992 3607 1103 3672 mola.
1131 3609 1238 3691 Opmo.
1264 3610 1327 3673 fine
1353 3613 1528 3676 Annotatt.

427 3707 580 3772 Ceterum
603 3731 643 3773 ex
666 3710 926 3795 praedietionibus
948 3709 1068 3774 Christi
1094 3709 1134 3773 de
1157 3711 1386 3794 prophetarum
1402 3736 1529 3778 suorum

426 3811 648 3875 vexationibus
662 3813 769 3898 arguit
788 3812 839 3876 hio
854 3819 967 3876 auctor
987 3811 1083 3875 falsos
1103 3813 1275 3897 prophetas
1290 3812 1360 3877 illos
1378 3814 1528 3881 Montani

427 3933 506 3990 esse,
527 3913 581 3997 qui
602 3913 721 3978 fuerint
740 3913 839 3977 illaesi.
891 3913 973 3977 Post
999 3913 1066 3976 οὐδὲ
1089 3917 1146 3995 γὰρ
1170 3915 1242 3981 MS.
1257 3917 1398 3999 NorJtlo.
1414 3941 1475 4004 pro
1496 3921 1529 3982 οὗ

426 4017 484 4096 γὰρ
500 4016 563 4078 οὖν.

472 4117 554 4180 Ibid.
580 4116 601 4181 l.
629 4119 660 4181 8.
681 4119 929 4202 ὕποκινήσανιος]
957 4117 1192 4197 ἀποκινήσαντος
1222 4121 1354 4186 Grecos
1376 4124 1475 4189 Lecti.
1497 4132 1529 4189 et

425 4219 540 4302 Μονρο
552 4218 712 4283 mesiaai
728 4221 851 4306 exempl.
872 4220 1006 4284 Sraorn.

470 4317 553 4384 Ibid.
568 4318 590 4382 1.
602 4341 631 4402 9.
648 4324 722 4384 κατὰ
737 4324 769 4385 δὲ
783 4322 848 4407 τὸν]
869 4326 943 4386 κατὰ
957 4325 1015 4403 γὰρ
1027 4321 1080 4386 τὸν
1091 4322 1259 4408 Chmssstopd.
1273 4325 1368 4388 Lem.
1395 4326 1529 4389 Sraoru.

471 4420 552 4485 Ibid.
577 4422 716 4507 ἑκάστου]
745 4425 884 4505 ἑκατέρου
907 4422 1074 4509 011111ορ1.
1090 4426 1185 4489 Leett.
1203 4425 1334 4490 Srnoru.
1373 4427 1528 4514 Suprain

426 4521 479 4584 lin.
492 4521 521 4586 8.
541 4544 600 4606 pro
615 4522 770 4606 ἑκατέρους
790 4525 942 4610 seriptum
965 4533 1014 4590 est
1034 4525 1067 4587 in
1086 4526 1322 4612 1111111111.
1344 4530 1528 4595 adverbium

427 4622 580 4704 ἑκατέρως,
595 4625 803 4711 additumque
817 4628 884 4694 τοὺς
898 4634 973 4691 ante
989 4630 1118 4696 ἑαυτούς.

471 4724 552 4787 Ibid.
568 4724 588 4787 1.
605 4746 652 4810 13.
669 4729 733 4792 οἷον
749 4731 921 4812 ἐπίτροπον]
945 4730 1079 4794 Rufinus
1093 4731 1161 4795 haee
1176 4733 1273 4797 verba
1292 4755 1357 4797 non
1372 4735 1527 4819 agnoseit.

427 4824 479 4889 Sio
502 4825 585 4889 enim
607 4828 704 4892 vertit
723 4830 816 4894 11111111
831 4831 1068 4917 ρνίνιοροτιὶιιντι
1081 4832 1252 4920 prophetia
1272 4835 1417 4919 ipwmm,
1439 4836 1527 4901 Theo

426 4927 528 4992 dotum
556 4931 682 4995 nomiae.
728 4933 846 4996 Omnes
871 4941 980 4998 tamen
1006 4935 1129 4999 oodiees
1154 4942 1187 4999 et
1213 4936 1420 5022 Nioephorus,
1448 4939 1527 5003 hano

426 5051 534 5094 voeem
553 5040 738 5115 agnoscunt.
784 5034 866 5098 Erat
884 5036 970 5119 apud
992 5036 1212 5101 Montanistaa
1232 5062 1308 5105 area
1325 5039 1526 5125 quaedamin
