3917 6467
480 1085 545 1149 αα
809 1076 1246 1171 nurrqmnsncma.

481 1280 573 1343 νους,
600 1250 658 1325 καὶ
690 1244 749 1326 διὰ
774 1246 817 1326 τὸ
842 1251 906 1346 τῆς
934 1246 1080 1355 φύσεως
1107 1245 1285 1348 ἀνόμοιον·
1324 1246 1576 1355 ἒπιμιχθέιπων

480 1380 598 1458 αὐτῶν
617 1380 698 1485 (for.
718 1381 749 1459 δ
769 1381 909 1487 αὐτῶν)
929 1377 996 1480 τὴν
1013 1381 1260 1483 ἀγανάιπησιν
1271 1380 1501 1482 ποιήσασθαι
1517 1380 1578 1464 τὸν

480 1512 586 1593 θεόν.
631 1520 660 1594 εἰ
691 1514 729 1593 δὲ
761 1515 814 1594 ἐπ’
843 1514 1010 1616 ἀγγέλων
1041 1522 1157 1595 νοοῖτο
1193 1514 1285 1620 ἔχειν
1320 1515 1469 1601 τούτους
1509 1517 1577 1617 (for.

480 1657 612 1756 τοῦτα)
632 1645 714 1732 roris
731 1652 813 1752 περὶ
836 1649 986 1750 μαγείας
1011 1652 1069 1730 καὶ
1092 1650 1266 1752 γοητείας,
1285 1648 1394 1730 ἔτιδὲ
1418 1654 1578 1754 ἀριθμῶν

478 1780 659 1883 κινήσεως,
690 1791 759 1881 (for.
789 1798 914 1858 addend.
942 1781 1188 1887 ἐσχολακότας
1215 1783 1372 1863 συνιέναι
1400 1783 1484 1889 χρὴ,
1513 1799 1600 1866 vides

478 1919 596 2024 nomm)
625 1924 697 1999 τῶν
721 1919 904 2021 μετεώρων
931 1927 1008 2003 ταῖς
1034 1919 1178 2026 γυναιξὶ
1204 1917 1270 2019 τὴν
1296 1924 1434 2021 γνῶσιν
1455 1955 1574 2024 παρα·

478 2053 672 2151 δεδωκέναι,
698 2056 776 2161 τάφ’
797 2051 847 2132 ὧν
875 2052 1089 2154 ἐποιήσαντο
1119 2059 1248 2138 παῖδας
1278 2053 1361 2139 τοὺς
1390 2056 1587 2157 γίγαντας,,

478 2190 522 2268 δι’
546 2188 607 2274 οὓς
637 2193 701 2287 τῆς
729 2189 852 2273 κακίας
881 2190 1138 2291 ἐπιγενομένης,
1170 2189 1263 2290 ἔγνω
1293 2196 1367 2270 πᾶν
1399 2192 1576 2297 ἀφανίσαι

477 2325 576 2429 ζώων
602 2324 704 2427 γένος
731 2325 751 2402 ὁ
780 2323 872 2407 θεὸς
899 2326 938 2402 ἐν
968 2330 1225 2432 κατακλυσμῷ·
1255 2323 1479 2425 ιαἰπειλήσας
1506 2325 1574 2429 ρκ’.

477 2459 538 2561 ἔτη
571 2460 638 2564 οὐχ
667 2455 939 2561 ἰ’περβήσεσθαι
969 2458 1052 2542 τοὺς
1083 2460 1304 2563 ἀνθρώπους.
1341 2458 1432 2560 μήδε
1471 2495 1573 2559 νομι·
1586 2489 1616 2529 ¹0

476 2593 592 2699 ζέσθω
626 2591 772 2695 ζήτημα,
802 2591 861 2671 διὰ
891 2591 933 2672 τὸ
960 2594 1109 2673 πλείονα
1136 2591 1267 2699 χρόνον
1293 2593 1391 2679 τινὰς
1424 2598 1576 2699 ὕστερον

476 2736 614 2827 βιῶναι.
643 2725 783 2829 τὸγὰρ
811 2724 993 2828 διάστημα
1022 2738 1085 2808 τοῦ
1116 2728 1246 2834 χρόνον
1273 2729 1420 2832 γέγονεν
1449 2725 1574 2810 ἕκατδν

476 2856 537 2964 έτη
561 2863 666 2968 μέχρι
680 2870 744 2942 τοῦ
762 2871 1020 2962 κατακλυσμοῦ
1043 2860 1133 2944 κατὰ
1154 2870 1227 2943 τῶν
1252 2865 1479 2967 ἁμαρτωλῶν
1503 2872 1573 2946 τῶν

476 2996 567 3077 τότε·
608 2997 705 3097 ἦσαν
738 2994 810 3099 γὰρ
847 3001 1068 3081 εἶκοσαετεΐς.
1137 2999 1218 3106 tTqi
1249 3003 1332 3077 Νῶε
1362 2996 1423 3078 διὰ
1457 3004 1568 3079 δικαι-

476 3132 611 3233 οσύνην
639 3131 918 3236 εὐαρεστήσαντι
948 3130 1102 3227 κιβωτὸν
1130 3131 1277 3213 ὑπέθετο
1305 3132 1571 3214 κατασκευάσαι
1582 3154 1610 3216 ¹5

475 3265 581 3351 θεός·
621 3272 679 3346 καὶ
710 3268 910 3368 γενομένης,
943 3262 1138 3366 ιιεἰσῆλθον
1168 3274 1216 3352 εἰς
1247 3265 1368 3366 αὐτὴν,
1396 3267 1504 3353 αὐτός
1535 3303 1571 3348 τε

476 3408 571 3501 Νῶε,
590 3407 648 3482 καὶ
676 3409 709 3482 οἱ
737 3406 813 3499 υἱοὶ,
834 3406 892 3481 καὶ
919 3403 941 3501 ἡ
968 3401 1071 3503 γυνὴ,
1091 3406 1150 3482 καὶ
1178 3408 1214 3482 αἱ
1246 3403 1392 3508 νύμφαι,
1412 3407 1471 3484 καὶ
1501 3402 1570 3485 ἀπὸ

474 3538 609 3622 παντὸς
634 3536 723 3639 ζῶου
747 3535 904 3642 ἀπαρχὴ,
925 3543 972 3620 εἷς
998 3535 1168 3638 διαμονὴν
1194 3537 1416 3639 τοῦγένους.
1448 3536 1571 3638 ’ἦνδέ

475 3711 997 3792 dinem,hominumsemenappellat:
1049 3726 1144 3772 natus.
1201 3713 1312 3771 Nullus
1347 3733 1434 3791 porro
1467 3714 1571 3773 dubius

474 3794 641 3871 eisdemque
654 3793 862 3871 indignationis
871 3814 928 3851 suoe
940 3794 998 3872 sig·
1049 3796 1171 3862 haesitet,
1186 3805 1238 3851 aut
1259 3794 1447 3871 questionem
1468 3796 1571 3853 anxius
1581 3820 1614 3859 ιο

474 3895 512 3934 na
526 3874 623 3933 Deum
646 3873 787 3931 inflixisse
806 3886 912 3932 narrat.
955 3876 998 3932 At
1048 3885 1171 3940 moveat,
1186 3875 1311 3952 spatium
1327 3874 1463 3932 hocvitoe
1483 3894 1569 3951 quos·

474 3956 499 4015 si
513 3949 550 4015 de
563 3950 673 4032 angelis
686 3973 846 4012 sermonem
859 3953 920 4012 fieri
932 3974 998 4013 sen.
1048 3956 1113 4013 dam
1123 3965 1339 4033 praetergressos
1349 3951 1570 4029 contemplatus.

474 4037 598 4104 tiamus;
616 4034 719 4115 magiis
733 4044 763 4092 et
778 4034 931 4112 prestigiis
945 4035 997 4093 de·
1049 4034 1155 4093 AEtatis
1168 4034 1286 4114 quippe,
1298 4033 1518 4111 durationisque
1529 4036 1572 4094 vi.

474 4115 551 4175 ditos
568 4114 658 4192 accipi
678 4134 794 4173 necesse
814 4125 867 4180 est,
882 4115 933 4191 qui
952 4135 995 4173 as·
1047 4127 1086 4174 tae
1113 4114 1239 4193 spatium
1265 4124 1330 4190 post
1352 4113 1428 4172 solos
1452 4126 1571 4173 centum

474 4207 585 4255 trorum
610 4205 640 4253 et
663 4210 849 4253 numerorum
874 4206 996 4262 motum,
1048 4216 1138 4253 annos
1170 4193 1281 4253 diluvio
1312 4194 1440 4252 instante
1470 4196 1569 4253 termi.
1583 4209 1618 4274 25

474 4295 629 4352 rerumque
656 4274 833 4340 sublimium,
862 4275 909 4332 vel
933 4295 996 4334 me·
1047 4275 1185 4343 nandum,
1195 4275 1393 4353 peccatoribus
1402 4274 1571 4334 vicesimum

473 4367 621 4414 teororum
658 4354 792 4412 notitiam
827 4354 997 4415 mulieribus
1044 4354 1103 4432 jam
1132 4375 1239 4413 annum
1268 4355 1429 4433 agentibus,
1452 4356 1485 4412 in
1509 4375 1571 4416 sce·

473 4435 666 4500 tradiderunt,
690 4454 813 4511 quorum
842 4455 996 4512 congressu
1047 4436 1139 4494 lerum
1168 4456 1293 4514 poenam,
1316 4434 1397 4493 velut
1421 4434 1481 4493 lata
1506 4457 1572 4495 sen.

473 4525 669 4593 conceperunt
683 4513 740 4572 illae
753 4515 996 4592 giganteeaqui·
1047 4515 1140 4574 tentia
1154 4515 1213 4574 fuit
1228 4518 1385 4596 praefixum.
1422 4515 1571 4576 Noevero

472 4596 527 4654 bus
551 4594 691 4652 scelerum
716 4595 844 4651 omnium
871 4594 997 4656 colluvie
1046 4598 1083 4654 ob
1098 4596 1271 4674 singularem
1280 4597 1424 4673 justitiam
1437 4595 1492 4654 sibi
1506 4618 1622 4676 gra-30

473 4676 503 4733 in
525 4675 691 4732 universum
712 4675 810 4731 orbem
830 4687 995 4767 propagata,
1046 4688 1110 4735 tum
1148 4697 1241 4736 arcam
1280 4687 1447 4735 construere
1481 4675 1572 4755 jussit

472 4754 615 4833 perfidum
630 4772 716 4811 omne
730 4753 889 4812 viventium
904 4776 996 4833 genus
1047 4756 1146 4816 Deus:
1175 4777 1267 4835 caque
1287 4756 1429 4823 absoluta,
1447 4756 1571 4836 ingressi

473 4834 585 4893 diluvio
607 4833 727 4911 perdere
752 4832 835 4892 Deus
856 4834 995 4903 decrevit,
1046 4850 1115 4896 aunt
1140 4835 1169 4894 in
1191 4857 1254 4897 eam
1276 4839 1338 4915 ipse
1359 4837 1436 4903 Noe,
1454 4849 1485 4896 et
1507 4839 1570 4906 filii,

473 4915 640 4974 vicesimum
651 4923 681 4971 et
689 4913 878 4973 centesimum
888 4933 995 4974 annum
1047 4936 1130 4984 uxor,
1145 4928 1175 4976 et
1192 4938 1293 4985 nurus,
1308 4928 1338 4976 et
1357 4916 1471 4976 selecta
1490 4938 1570 4996 qure-

472 4995 604 5053 homines
639 5013 697 5051 uon
729 5004 916 5072 superaturos
943 4996 996 5053 mi·
1046 4996 1111 5056 darn
1130 4995 1167 5056 ed
1186 4997 1301 5076 generis
1322 5017 1421 5057 corum
1441 4999 1617 5077 cnjusiis35

513 5138 675 5196 rGen.vi.4.
720 5138 879 5199 =Gen.vi.3.
925 5139 1083 5206 tGen.vi.9.
1128 5142 1218 5191 ”Gom
1232 5143 1270 5191 vii.
1285 5156 1306 5204 7.
1349 5144 1525 5194 vocante
