3917 6467
464 1068 507 1132 60
843 1066 1195 1133 ANNOTATIONES

464 1249 498 1305 et
524 1239 713 1303 dementini
737 1239 816 1323 Imp.
843 1239 1017 1324 Epistolum
1039 1239 1085 1302 ud
1108 1238 1259 1303 anhsim
1278 1237 1311 1301 in
1334 1234 1466 1300 Eusebii
1496 1234 1655 1296 Vites-a

465 1343 565 1427 ejusd.
584 1342 773 1404 Oorutoatlal
787 1341 840 1405 lib.
855 1341 898 1405 iii.
913 1364 982 1427 eap.
999 1343 1047 1405 18.
1065 1341 1243 1425 Valesiique
1257 1347 1380 1415 notam,
1396 1345 1432 1402 ot
1446 1335 1658 1401 amira·

467 1445 569 1529 Δροσί.
585 1465 613 1506 v.
633 1461 683 1524 17.

513 1547 567 1609 Ita
596 1566 667 1608 eum
693 1544 816 1608 Judaeis
842 1567 905 1608 non
931 1552 1059 1609 tantum
1084 1546 1169 1609 eirea
1197 1544 1292 1619 diem,
1318 1543 1375 1607 sed
1403 1541 1506 1607 etiam
1530 1541 1662 1603 d&

467 1669 574 1711 mense
596 1647 776 1710 convenisse
800 1646 971 1722 Asiaticos,
991 1648 1085 1710 docet
1108 1647 1269 1731 Josephus
1294 1645 1436 1729 Scaliger
1454 1644 1488 1707 in
1508 1642 1610 1726 Op..
1651 1674 1662 1695 ··

468 1751 518 1814 De
541 1749 756 1813 Emendatioae
780 1749 956 1833 Tenpomou
974 1749 1028 1812 lib.
1047 1749 1079 1812 ii.
1103 1772 1132 1834 p.
1153 1770 1223 1833 154·
1246 1757 1280 1812 et
1301 1747 1387 1811 alibi.
1435 1745 1513 1809 Vid.
1536 1742 1665 1808 etz!

469 1852 627 1916 Buxtorfii
647 1851 750 1935 Epist.
772 1851 814 1914 ad
836 1852 930 1914 eund.
948 1851 1155 1935 Soaligmum,
1172 1851 1205 1913 in
1222 1850 1342 1934 Μύρα
1362 1847 1668 1933 &pathmus-*⁸

468 1976 525 2038 per
540 1954 578 2016 P.
595 1955 811 2016 Burmannnm
827 1954 903 2017 edit.
919 1954 977 2016 vol.
992 1953 1023 2015 ii.
1039 1975 1070 2037 p.
1079 1957 1154 2038 363.
1203 1952 1320 2017 Utrum
1336 1973 1410 2014 voro
1428 1949 1462 2012 hi
1478 1969 1667 2033 quur--·

469 2055 669 2130 edeciment,
682 2057 728 2119 ait
741 2056 891 2141 Scaligeri
907 2055 1107 2119 adversarius
1118 2055 1212 2118 Dion.
1226 2054 1387 2128 Petavius,
1398 2051 1424 2115 J
1425 2051 1668 2116 udaioumffl

470 2157 601 2242 oyelum,
631 2180 673 2221 an
702 2158 798 2221 alium
829 2156 1010 2241 quemlibet,
1042 2158 1214 2233 tonuerint,
1245 2156 1379 2221 divinari
1410 2161 1669 2237 uteunque&

470 2265 588 2342 potest,
610 2257 809 2342 pronunciari
830 2268 919 2320 certo
939 2279 1002 2319 non
1022 2266 1140 2341 potest.
1168 2259 1213 2321 De
1227 2258 1331 2320 Doctr.
1351 2257 1454 2340 Τόκῳ.
1473 2254 1528 2317 lib.
1539 2253 1569 2316 ii.
1603 2287 1668 2307 ο·

471 2382 540 2444 eap.
557 2362 609 2443 58.
660 2361 757 2422 Certe
779 2367 887 2423 tamen
909 2359 1058 2422 videntur
1078 2359 1147 2443 ipsa
1170 2360 1284 2422 Irenaei
1310 2359 1406 2421 verba
1431 2357 1569 2430 innuere,
1614 2389 1669 2418 a

470 2462 648 2545 praesertim
663 2461 689 2524 si
710 2461 773 2524 alia
788 2462 918 2545 cogitas,
934 2461 1037 2524 minus
1058 2469 1207 2524 aoourate
1228 2468 1371 2524 versatos
1385 2458 1482 2521 luisse
1496 2478 1568 2520 non·
1636 2475 1669 2489 ‘

471 2563 596 2627 nullos
587 2586 619 2626 m
635 2565 761 2649 pasohae
776 2585 881 2626 annuo
896 2571 1040 2648 tempore
1055 2563 1281 2646 computando.

515 2666 552 2728 P.
567 2685 619 2749 39.
648 2665 668 2728 l
689 2687 737 2743 14.
764 2667 817 2744 τὴν
844 2667 907 2730 καθ’
934 2668 1088 2744 ἁπλότητα
1118 2666 1166 2728 καὶ
1191 2662 1362 2742 ἰδιωτισμόν
1392 2659 1569 2745 συνήθειαν]
1651 2639 1671 2722 i

470 2766 525 2829 Ad
540 2766 623 2829 huno
638 2766 752 2831 Irenaei
774 2768 877 2831 looum
898 2768 1023 2831 videtur
1044 2766 1183 2829 alludere
1204 2764 1446 2828 Tertullianus
1439 2786 1473 2826 m
1492 2764 1571 2827 libro

470 2868 511 2931 de
528 2869 707 2953 Virginibus
728 2869 879 2945 velandis,
896 2892 966 2933 oum
987 2869 1054 2933 ait:
1080 2870 1132 2931 Eu
1153 2868 1201 2932 tie
1218 2869 1297 2930 enim
1307 2870 1379 2950 sere
1399 2867 1572 2930 assuetudo

470 2972 595 3035 initiam
609 2971 647 3036 ab
662 2974 768 3058 aliqua
783 2974 958 3058 ignorantia
973 2973 1021 3036 vel
1032 2972 1225 3057 simplic-itote
1238 2972 1356 3046 sortito,
1371 2971 1406 3032 io
1420 2992 1508 3033 aaran
1514 2991 1573 3054 per

470 3075 674 3138 maalmam
709 3075 926 3139 eorrolorotur.
964 3075 1127 3136 Vnursrus.
1181 3073 1364 3137 Consimilis
1395 3072 1571 3156 Cyprianus

471 3199 596 3261 quoque
618 3177 651 3239 in
670 3178 771 3263 Epist.
795 3177 841 3240 ad
862 3177 1032 3252 Catilium,
1053 3176 1108 3239 ubi
1130 3176 1170 3238 de
1192 3175 1288 3238 calice
1310 3174 1478 3238 Dominioo
1502 3174 1572 3236 vino

472 3287 506 3344 et
539 3301 624 3363 aqua
657 3278 780 3342 misceri
812 3279 920 3342 debito
949 3278 997 3341 ita
1030 3277 1160 3340 scribit:
1209 3277 1247 3340 Si
1280 3278 1348 3362 quis
1376 3276 1414 3338 da
1443 3274 1571 3339 aalma·

470 3380 585 3445 roribus
599 3383 707 3443 nostris
729 3380 776 3442 vel
799 3381 983 3465 ignoranter
998 3379 1045 3442 vol
1068 3379 1253 3463 simpliciter
1266 3400 1325 3441 aaa
1338 3378 1391 3440 loo
1409 3377 1573 3440 observavit

471 3494 497 3548 et
516 3485 619 3558 tenuit,
642 3483 722 3567 quod
742 3504 794 3545 nos
820 3483 969 3545 Dorulaus
983 3483 1090 3565 sotere
1116 3480 1248 3565 exemplo
1275 3490 1303 3543 et
1327 3480 1500 3564 rrropraterio
1523 3501 1575 3542 suo

472 3585 583 3661 docuit,
599 3593 695 3669 polest
710 3584 903 3667 simplicitati
919 3584 983 3665 ejus
996 3583 1032 3644 de
1052 3582 1243 3666 indulgentia
1258 3583 1386 3645 Domini
1405 3583 1493 3645 nenia
1509 3603 1574 3644 oost-

472 3686 547 3751 adi.
580 3686 639 3769 Ep.
656 3686 732 3749 lxiii.
757 3709 786 3770 p.
803 3707 871 3767 109.
892 3686 940 3748 od.
965 3684 1162 3748 Benedictin.
1208 3683 1272 3747 Sed
1295 3684 1377 3747 male
1402 3684 1510 3767 aliqui,
1538 3693 1573 3747 ut

472 3788 637 3852 Musoulus
652 3787 817 3871 interpres,
834 3788 866 3850 iu
881 3789 999 3850 bonum
1014 3809 1140 3849 sonsum
1155 3786 1251 3849 verba
1266 3787 1319 3863 τὴν
1341 3784 1403 3849 καθ’
1420 3788 1575 3864 ἁπλότητα

472 3893 519 3955 καὶ
540 3891 710 3968 ἰδιωτισμόν
731 3893 787 3954 &a
809 3891 976 3974 accipiunt.
1023 3888 1119 3951 Certe
1139 3888 1333 3951 eontrarium
1354 3909 1480 3950 sensum
1506 3910 1575 3972 per-

471 3994 608 4057 suadent
632 4015 703 4056 eum
730 4000 896 4057 auctorum
919 3991 979 4055 loci
1005 3991 1099 4053 modo
1125 3989 1267 4064 adducti,
1291 3997 1360 4052 tum
1383 4011 1456 4052 vero
1484 4012 1576 4053 voees

474 4095 608 4167 Latinae,
625 4117 695 4178 quae
720 4095 769 4158 his
784 4095 904 4158 Graecis
924 4094 1116 4179 respondent
1138 4093 1171 4154 in
1190 4092 1252 4155 alio
1273 4091 1459 4155 Tertulliani
1482 4114 1575 4177 opus·

472 4197 552 4273 aulo,
569 4195 733 4279 Simplices
748 4197 828 4259 enim
843 4197 960 4280 quique,
975 4218 1012 4259 ne
1031 4195 1164 4258 doluerim
1183 4194 1385 4279 imprudentes
1399 4202 1432 4258 et
1454 4194 1574 4270 idiotae,

472 4319 540 4382 quoe
564 4297 662 4379 naojor
686 4319 799 4382 semper
821 4298 1004 4361 ursulentium
1021 4318 1101 4380 pars
1125 4305 1167 4358 eet
1193 4298 1247 4358 &a
1293 4296 1377 4357 Ado.
1406 4297 1574 4359 Praoeom.

472 4422 540 4484 cap.
553 4419 584 4483 3.
624 4401 781 4463 Mendose
800 4403 842 4467 εἰς
859 4401 893 4462 τὸ
907 4400 946 4479 μὴ
965 4396 1124 4478 μετέπειτα
1138 4418 1196 4481 pro
1212 4400 1253 4464 εἰς
1273 4397 1306 4459 τὸ
1324 4395 1483 4475 μετέπειτα
1499 4399 1574 4461 MS.

472 4500 610 4585 Noffolo.

518 4603 595 4688 Pag.
612 4622 663 4686 39.
680 4603 699 4665 Ι.
719 4604 763 4665 16.
777 4601 1002 4684 πεποιηκότων]
1017 4599 1040 4661 J
1042 4621 1094 4662 am
1106 4600 1235 4662 tandem
1252 4600 1328 4663 mihi
1344 4601 1483 4663 innotuit
1494 4603 1574 4664 Pru-

472 4705 571 4768 dentii
602 4704 731 4767 Marani
755 4705 795 4766 de
823 4703 934 4766 lrenaei
965 4701 1069 4765 verbis
1094 4702 1288 4785 conjectura,
1315 4724 1411 4785 quam
1437 4703 1573 4786 protulit

473 4822 556 4870 anno
576 4825 667 4887 1742.
689 4806 722 4868 in
746 4805 840 4868 Notis
863 4805 904 4867 ad
931 4804 1111 4882 Quoestioaes
1125 4813 1152 4865 et
1171 4805 1384 4888 Respmrsiorws
1403 4805 1448 4867 od
1470 4804 1574 4867 Ortlo-

473 4908 561 4971 douos
582 4908 614 4969 in
636 4907 818 4991 Appendiee
838 4906 879 4968 ud
902 4907 1002 4989 Opera
1017 4908 1050 4967 S.
1063 4906 1183 4968 Justina'
1198 4907 1247 4969 M.
1268 4906 1448 4968 collocatas.
1496 4906 1576 4990 Ejus

472 5017 580 5072 autem
595 5008 835 5071 adnotationem
851 5007 941 5092 posui
958 5029 1096 5070 seorsum
1113 5006 1283 5080 acroteria
1299 5029 1369 5090 quae
1385 5007 1450 5069 fero
1466 5029 1574 5070 omnes

474 5110 513 5175 da
527 5109 662 5174 leotiono
677 5109 843 5173 verborum
858 5119 986 5193 reoepta
1005 5117 1158 5174 tractant.
1205 5119 1225 5146 ‘⁸
1239 5109 1335 5172 Huno
1351 5108 1453 5171 locum
1469 5120 1502 5174 et
1518 5130 1575 5172 sua
