3917 6467
610 1613 922 1692 aucroals
952 1613 1248 1692 ΑΝοΝΥΜΙ
1401 1723 1408 1736 Γ

625 1820 686 1879 ΑΙ)
707 1821 928 1881 Avlsscnm
951 1822 1228 1882 MARCELLUM

852 1999 972 2039 coum

411 2156 857 2257 CATAPHRYGAS,
886 2158 995 2241 SEU
1025 2158 1454 2257 MONTANISTAS‚
1472 2151 1499 2178 ⁸

349 2386 366 2442 5
512 2367 584 2427 QUI
604 2367 699 2423 POST
717 2367 841 2425 lNl'l'IA
859 2370 1010 2427 SAECULI
1027 2370 1156 2427 mm
1175 2371 1351 2437 FLORUIT,

744 2533 1124 2629 FRAGMENTA3

526 2731 570 2788 Ab
583 2730 703 2786 Eusebio
713 2731 743 2785 in
753 2730 802 2787 lib.
811 2750 837 2788 v.
850 2734 923 2790 Hirr.
936 2752 1013 2806 capp.
1023 2733 1065 2790 16.
1077 2742 1104 2788 et
1118 2748 1160 2806 ιγ.
1174 2742 1337 2791 conservata.

824 2920 1041 2969 -Φ--

757 3085 810 3149 οι
826 3084 933 3170 opta
946 3084 1109 3151 erma.

377 3228 495 3348 ΈΚ
520 3264 696 3345 πλείστου
714 3263 805 3345 ὅσου
830 3266 888 3342 καὶ
915 3263 1132 3346 ἱκανωτάτου
1156 3264 1297 3370 χρόνου,
1319 3264 1516 3368 ἀγασητὲῐ·

335 3399 556 3501 ιοἈουίρκιε
587 3397 796 3501 Μάρκελλε,
828 3401 1028 3503 ἐπιταχθεὶς
1059 3397 1128 3480 ὑπὸ
1165 3408 1235 3481 σοῦ
1266 3400 1484 3508 συγγράψαι

377 3530 459 3611 τινὰ
476 3531 590 3634 λόγον
608 3538 657 3616 εἷς
677 3530 744 3632 τὴν
767 3538 840 3612 τῶν
865 3530 957 3611 κατὰ
976 3532 1183 3635 Μιλτιάδην
1201 3534 1405 3637 λεγομένων
1423 3536 1479 3615 αἵ·

377 3702 491 3771 ρεσιν,
510 3666 784 3776 ε’φεκτικιίτεράν
801 3704 879 3752 πως
895 3667 1001 3774 μέχρι
1019 3679 1083 3750 νῦν
1101 3670 1286 3771 διεκείμην·
1316 3672 1379 3750 οὐκ
1392 3674 1482 3751 άττο-

376 3804 439 3909 ρία
455 3810 521 3882 τοῦ
543 3802 720 3883 δύνασθαι
743 3803 904 3908 ε’λέγχειν
921 3802 986 3901 μὲν
1008 3802 1050 3883 τὸ
1068 3809 1212 3909 ψεῦδος,
1229 3813 1419 3908 μαρτυρεῖν
1444 3806 1482 3887 δὲ

377 3940 606 4045 τῄάληθείᾳ·
635 3936 758 4021 δεδιὸς
776 3936 814 4018 δὲ
832 3942 891 4018 καὶ
914 3939 1226 4046 ἐξευλαβούμενος,
1245 3940 1297 4043 μή
1313 3977 1366 4047 πῃ
1385 3941 1482 4049 δόξω

330 4114 341 4151 ι
348 4078 476 4170 5τισὶν
510 4073 794 4181 ε’ττισυγγράφειν
828 4074 851 4176 ἢ
888 4076 1210 4157 ἐπιδιατάσσεσθαι
1241 4083 1293 4183 τῷ
1324 4082 1388 4176 τῆς
1419 4087 1483 4158 τοῦ

378 4208 588 4311 εὐαγγελίου
612 4214 733 4309 καινῆς
766 4210 935 4311 διαθήκης
958 4211 1073 4318 λόγῳ·
1100 4208 1130 4318 ᾦ
1150 4208 1240 4310 μήτε
1272 4216 1483 4313 προσθεῖναι

377 4343 460 4443 μήτ’
494 4346 643 4449 ἀφελεῖν
680 4343 840 4440 δυνατὸν,
875 4349 927 4451 τῷ
957 4342 1048 4424 κατὰ
1079 4342 1122 4425 τὸ
1157 4345 1366 4447 εὐαγγέλιον
1395 4342 1481 4425 αὐτὸ

422 4521 498 4580 Cum
514 4520 687 4598 jamdudum
702 4519 733 4578 id
752 4521 823 4579 mihi
838 4540 903 4579 mu·
955 4523 1039 4580 rebar
1052 4540 1086 4580 ac
1104 4520 1327 4579 reformidabam
1347 4540 1385 4579 nc
1403 4520 1481 4580 forte

379 4622 436 4661 nur
452 4601 624 4678 injunxeris,
645 4600 745 4659 Avirci
764 4599 905 4659 Marcelle
955 4600 1127 4678 quibusdam
1164 4599 1278 4659 viderer
1308 4600 1481 4678 evangelica

331 4702 370 4742 20
378 4682 536 4748 carissime,
551 4690 582 4740 et
603 4681 739 4740 adversus
759 4678 905 4738 Miltiadis
955 4682 1023 4739 nori
1044 4680 1225 4740 Testamenti
1240 4679 1380 4739 doctrina
1395 4680 1480 4757 quid.

378 4762 509 4821 haereaim
540 4781 614 4839 opus
640 4760 758 4839 aliquod
787 4780 903 4839 compo·
955 4781 1040 4838 quam
1064 4759 1216 4821 scribendo
1237 4760 1354 4825 addere,
1376 4771 1406 4819 et
1428 4759 1478 4820 dc-

378 4863 489 4912 nerem,
503 4861 609 4920 anoepa
622 4852 720 4900 tamen
738 4851 826 4919 atquc
842 4840 903 4898 ani·
954 4862 1015 4900 nuc
1025 4851 1153 4901 statuere
1164 4840 1307 4900 voluisse:
1323 4840 1370 4899 cui
1382 4851 1479 4899 tamen

377 4944 428 4981 mo
456 4921 564 4981 dubius
593 4923 735 4980 hactenus
765 4920 902 4980 substiti:
954 4941 1049 4998 neque
1079 4921 1164 4997 adjici
1197 4921 1351 4998 quicquam
1384 4940 1479 4997 neque

378 5023 438 5061 non
462 5000 542 5080 quod
571 5014 623 5061 aut
651 5000 834 5060 mendacium
857 5021 902 5059 re·
953 5000 1042 5060 adimi
1063 5003 1107 5061 faa
1129 5011 1183 5067 eat,
1203 5002 1239 5060 ab
1261 5021 1296 5059 eo
1319 5001 1478 5076 prasertim

331 5103 367 5161 ²5
378 5082 490 5149 fellere,
515 5092 568 5140 aut
590 5081 705 5141 veritati
729 5080 903 5160 patrocinari
953 5082 1003 5158 qui
1019 5101 1056 5141 ex
1067 5080 1208 5160 evangelii
1222 5080 1375 5160 preceptis
1388 5079 1478 5138 vitam

376 5163 499 5222 minime
517 5162 661 5221 valerem:
684 5161 736 5220 aed
752 5160 832 5238 quod
853 5181 904 5219 ve·
953 5181 1040 5240 agere
1066 5161 1237 5221 instituerit.
1280 5160 1386 5238 Nuper
1409 5178 1479 5219 vcro
