3917 6467
776 919 811 985 S.
833 919 1134 986 ALEXANDER.
1437 920 1502 984 163

399 1091 496 1183 quod
524 1095 635 1186 juxta
660 1095 903 1165 testimonium
934 1093 1110 1165 Demetrii
1140 1117 1223 1166 eum
1257 1095 1500 1188 presbyterum

399 1217 636 1288 constitnerit.
687 1215 788 1289 ‘Sed
813 1227 851 1288 et
877 1218 954 1289 aliae
980 1220 1057 1311 ejus
1085 1220 1130 1289 ad
1156 1219 1311 1289 diversos
1338 1218 1501 1287 feruntur

399 1338 571 1430 epistolae.
623 1336 813 1433 hSeptima
845 1350 967 1413 autem
1000 1341 1246 1434 persecutione
1276 1340 1343 1410 sub
1374 1339 1499 1425 Decio,

400 1449 489 1545 iquo
520 1463 681 1549 tempore
710 1456 863 1550 Babylas
894 1457 1098 1527 Antiochiae
1127 1478 1247 1550 passus
1276 1465 1341 1535 est,
1371 1457 1499 1528 ductus

399 1578 604 1662 Cusanum,
639 1588 678 1649 et
710 1580 849 1652 clausus
881 1583 918 1652 id
952 1577 1131 1662 carcerei,
1167 1581 1214 1652 ob
1243 1581 1497 1653 confessionem

400 1701 530 1772 Christi
549 1705 715 1797 martyrio
732 1712 929 1775 coronatur.

437 1908 512 1965 ssDe
526 1907 573 1965 bis
587 1907 660 1965 nihil
675 1908 753 1985 opud
767 1909 936 1969 Eusebium.
959 1911 1133 1970 Essurcrus.

436 2001 552 2061 ”Circa
573 2003 613 2060 A.
629 2005 664 2061 C.
688 2023 754 2081 ²5¹·
785 2012 890 2083 Aswcpqi
912 2010 986 2082 γήρει
1011 2013 1053 2065 καὶ
1076 2015 1158 2079 σεμνῇ
1180 2014 1260 2080 πολιᾷ
1283 2013 1496 2080 κατεστεμμένος,

400 2119 471 2159 anno
485 2100 671 2180 episcopatus
686 2102 944 2183 Hierosolymitani
960 2123 1010 2182 39.
1034 2105 1112 2164 Vide
1123 2106 1280 2164 Eusebium
1290 2105 1328 2162 vi.
1342 2125 1392 2181 39.
1402 2117 1432 2164 et
1445 2108 1495 2180 46.

401 2195 571 2255 Francius.

432 2292 440 2329 ¹
459 2294 609 2353 Eusebius
622 2294 661 2351 vi.
676 2312 725 2371 39.
747 2300 785 2371 τῷ
806 2295 829 2352 δ’
842 2296 1007 2374 Ἀλεξάνδρῳ
1027 2299 1260 2373 remissioris
1281 2300 1425 2372 Ἀντιοχείᾳ
1448 2305 1496 2354 τοῦ

398 2392 503 2460 trevia
515 2394 584 2463 μετὰ
596 2393 643 2463 τὴν
655 2391 796 2466 ὁμολογίαν
814 2395 842 2449 ἐν
860 2396 1028 2472 δεσμωτηρίῳ
1038 2399 1259 2468 μεταλλάξαντος.
1297 2395 1495 2473 Hieronymus

396 2503 481 2567 supra
495 2508 561 2566 cap.
573 2505 622 2563 54
636 2497 663 2544 el
672 2489 1011 2566 AlacuderBabylcsque
1022 2494 1273 2565 Hierosolymorum
1282 2499 1309 2547 et
1319 2491 1496 2549 Antiocheno

391 2587 510 2643 eoeloeioe
525 2585 672 2660 Pont‘fiees
682 2586 710 2640 in
724 2603 832 2641 carcere
841 2605 896 2660 pro
906 2586 1070 2663 consessione
1082 2589 1185 2645 Christi
1195 2591 1364 2645 donnierinl.
1387 2586 1493 2643 Mirum

387 2696 427 2743 cst
443 2684 487 2741 ab
503 2681 689 2760 Hieronymo
705 2701 764 2740 uon
782 2683 919 2740 celebrari
938 2683 1141 2742 bibliothecam
1156 2685 1186 2741 in
1206 2683 1283 2742 AElia
1296 2684 1368 2741 urbe
1386 2683 1422 2740 ab
1439 2683 1495 2742 hoc

378 2777 565 2841 Alexandro
583 2778 762 2845 instructam,
779 2798 814 2836 ex
829 2798 887 2855 qus
904 2779 1062 2858 plurimum
1077 2780 1232 2859 profecisse
1246 2801 1277 2838 se
1291 2779 1327 2838 ad
1345 2779 1493 2838 historiam

374 2893 471 2939 suam
488 2874 719 2955 componendam
734 2874 872 2954 predicat
886 2877 1030 2935 Eusebius
1044 2879 1084 2936 vi.
1101 2897 1148 2936 20.
1172 2877 1356 2935 Fannrorus.

419 2975 441 3020 k
458 2973 537 3040 Sed,
552 2983 587 3031 ut
609 2973 684 3032 bene
705 2973 818 3031 notovit
832 2972 868 3031 el.
884 2972 1000 3032 Keilius
1020 2974 1057 3032 ad
1079 2995 1219 3053 nuperum
1238 2973 1310 3034 edit.
1329 2975 1494 3031 Fabricium

366 3074 459 3134 Bibl-
492 3074 546 3130 Gr.
568 3081 639 3129 tom.
652 3070 702 3128 vii.
725 3091 754 3149 p.
768 3072 835 3145 287.
858 3090 915 3128 non
933 3070 1050 3147 quidem
1073 3071 1200 3129 violenta
1220 3089 1290 3128 nece
1310 3070 1491 3137 interemtus,

357 3173 432 3234 sed
462 3171 496 3228 in
520 3187 635 3227 carcere
654 3177 761 3234 tamen,
784 3167 814 3223 in
836 3186 921 3243 quem
941 3167 978 3224 ob
1000 3166 1148 3245 religionis
1170 3166 1377 3245 professionem
1396 3165 1493 3223 fuerat

357 3270 550 3347 conjectus,
570 3275 715 3330 mortuus,
737 3274 771 3321 ut
791 3261 899 3321 diserte
919 3262 1040 3321 tradunt
1062 3263 1222 3342 Dionysius
1243 3261 1328 3320 Alex.
1350 3263 1379 3320 in
1404 3264 1492 3337 Epist.

356 3372 418 3426 ed
437 3364 603 3425 Corneliam
616 3359 698 3440 apud
712 3360 819 3418 Euseb.
838 3362 877 3418 H.
894 3359 931 3418 E.
947 3360 986 3417 vi.
1002 3361 1052 3433 46.
1067 3370 1098 3418 et
1113 3359 1260 3417 Eusebius
1278 3359 1349 3418 ibid.
1364 3380 1425 3438 cap.
1441 3378 1491 3435 39.

358 3463 475 3524 Adde
489 3471 522 3521 et
536 3460 753 3537 Hieronymum
769 3456 864 3534 ipsum
879 3477 896 3515 a
910 3457 1040 3514 Fabricio
1054 3456 1186 3535 proxima
1200 3467 1269 3514 nota
1282 3455 1449 3515 adductum.
