3917 6467
581 1093 631 1158 IN
651 1094 784 1161 Andr.
808 1097 988 1163 CONTRA
1010 1100 1367 1167 oATAPHRYeAS.
1471 1104 1536 1169 207

425 1283 526 1349 quam
540 1264 665 1331 menes
678 1268 795 1353 stipem
809 1269 1021 1353 oonjioiebant
1040 1269 1083 1335 ad
1097 1271 1327 1356 prophetarum
1341 1271 1533 1337 alimoniam.

427 1365 559 1430 Primus
584 1368 777 1434 Theodotus
801 1370 896 1455 hinjus
920 1393 1004 1436 areae
1030 1393 1139 1436 euram
1164 1374 1273 1457 gessit,
1299 1395 1394 1458 quem
1418 1374 1536 1439 ideireo

427 1478 670 1554 proenratorem
692 1473 870 1558 prophetiae
892 1473 944 1538 hio
966 1474 1104 1559 scriptor
1123 1482 1229 1552 vocat,
1252 1477 1337 1562 quod
1356 1476 1479 1540 reditus
1500 1475 1535 1539 il-

426 1570 532 1635 lorum
547 1582 582 1637 et
596 1573 716 1659 pradia
729 1583 925 1659 proouraret.
963 1576 1046 1640 Erat
1059 1575 1178 1660 alioqui
1195 1577 1371 1641 Montanus
1385 1598 1458 1641 oum
1470 1576 1536 1641 suis

426 1675 647 1759 prophetissis,
662 1699 796 1762 magnus
813 1685 997 1755 aerusoator‚
1013 1677 1068 1762 qui
1088 1678 1255 1762 peouniam
1273 1678 1412 1764 undique
1428 1700 1532 1743 oorra

426 1777 521 1842 derat
544 1777 739 1842 oblationum
761 1777 874 1863 speeie.
918 1778 1043 1844 Salaria
1064 1779 1162 1843 etiam
1183 1780 1324 1864 praebere
1347 1780 1459 1844 solitus
1484 1779 1534 1857 iis,

428 1877 484 1963 qui
504 1879 683 1943 doctrinam
702 1902 794 1944 suam
817 1880 1039 1965 praedicarent,
1053 1887 1091 1945 ut
1109 1881 1220 1945 seribit
1237 1881 1427 1966 Apollonius
1449 1882 1535 1965 apud

430 1980 606 2045 Eusebium
631 1981 664 2045 in
686 1982 792 2067 eapite
811 1982 956 2067 sequenti
976 1986 1090 2068 (supra
1109 2005 1139 2067 p.
1154 1982 1256 2068 467.).
1301 1984 1422 2047 Aream
1438 1983 1536 2067 igitur

428 2103 487 2145 seu
508 2080 620 2146 fissum
638 2082 787 2148 habuerit
808 2104 935 2147 neeesse
956 2090 1016 2161 est,
1032 2090 1065 2148 et
1087 2089 1327 2168 procuratorem
1346 2083 1460 2162 aerarii,
1481 2084 1535 2168 qui

428 2182 559 2253 salaria
574 2184 679 2260 idest,
694 2185 845 2271 peonnias
860 2192 1042 2250 numeraret
1056 2185 1095 2249 iis
1109 2185 1223 2269 quibus
1239 2185 1415 2250 Montanus
1426 2187 1534 2250 deere-

428 2298 530 2352 verat.
560 2286 724 2350 Vsnasrus.
770 2289 819 2351 At
841 2308 950 2351 vooem
976 2288 1135 2368 ἐπίτροπον
1158 2308 1252 2350 sensu
1276 2285 1450 2371 improprio
1475 2287 1535 2352 hoo

427 2388 500 2453 loeo
519 2387 581 2453 diei
600 2395 710 2453 monet
730 2396 804 2474 post
823 2387 1039 2473 Lemoyneum
1061 2388 1094 2451 in
1117 2388 1294 2453 Vaassen
1313 2408 1340 2452 1.
1357 2410 1388 2473 p.
1403 2390 1479 2472 465.
1494 2389 1535 2452 el.

428 2490 620 2555 Heiniohen.
636 2490 678 2555 ed
692 2489 808 2567 locum,
818 2489 874 2575 qui
888 2496 922 2554 et
933 2489 1095 2575 opinatur,
1108 2489 1258 2554 Rufinum
1269 2489 1399 2554 liberius
1408 2496 1536 2556 tantum

427 2594 530 2658 verba
542 2594 608 2657 οἷον
622 2593 783 2675 ἐπίτροπον
796 2592 941 2656 vertisse.

476 2695 516 2758 P.
532 2696 602 2759 188.
618 2695 640 2757 l.
652 2715 702 2776 14.
719 2695 813 2761 πολὺς
828 2696 908 2774 αἱρεῖ
918 2693 1022 2778 λόγος]
1039 2694 1081 2757 In
1095 2693 1203 2758 oodioe
1223 2692 1383 2758 Medieaeo
1398 2692 1486 2757 Maz.
1501 2699 1536 2756 et

429 2795 724 2882 Fulslegiturspa
751 2795 848 2879 Apud
858 2794 1034 2859 Eusebium
1042 2795 1193 2859 tamemn
1207 2794 1260 2858 lib.
1270 2794 1334 2858 viii.
1345 2794 1395 2857 bis
1404 2795 1452 2857 ite
1461 2793 1536 2857 sori·

427 2898 520 2963 bitur
532 2907 570 2962 ut
591 2897 652 2962 hoo
671 2897 741 2961 loeo
762 2895 915 2980 seriptum
936 2895 1035 2974 vides,
1048 2896 1143 2963 nohis
1165 2898 1244 2975 αἱρεῖ
1263 2897 1367 2977 λόγος.
1389 2895 1444 2959 ubi
1459 2897 1539 2975 αἱρεῖ

427 3000 516 3065 idem
530 2998 615 3063 valet
628 3021 667 3063 ao
682 3004 790 3079 κρατεῖ.
814 2997 1328 3079 Vsuuslus.-hdyosnopemrtivos
1341 2998 1435 3061 τεκαὶ
1449 3021 1537 3059 κατα·

427 3106 591 3166 πιστεῦσαι
605 3099 714 3164 ἑαυτὸν
729 3102 771 3183 τῷ
792 3102 842 3177 τῆς
860 3098 974 3177 ἀπάτης
992 3100 1145 3178 πνεύματι,
1162 3096 1215 3179 ἀφ’
1231 3098 1266 3160 οὗ
1286 3099 1444 3179 αἱρόμενόν
1463 3121 1537 3160 ποτε

428 3204 482 3268 καὶ
502 3202 795 3281 ὄναλαμβανόμενον
816 3203 858 3267 εἰς
877 3201 1020 3281 οὐρανοὺς
1045 3199 1214 3284 Ctrtaopt.
1237 3200 1333 3263 Leott.
1360 3206 1393 3264 et
1417 3199 1535 3282 Interp.

430 3307 566 3369 Srnorn.
618 3305 658 3367 ln
676 3304 772 3367 Mat
790 3324 915 3387 quoque
934 3300 1074 3386 Norsolo.
1094 3301 1177 3365 male
1192 3302 1262 3382 ἐρεῖ.
1313 3299 1367 3364 Ita
1385 3308 1418 3364 et
1438 3299 1537 3364 aeteri

428 3428 553 3478 omnes,
569 3413 653 3470 teste
668 3406 823 3481 Burtono,
839 3411 956 3489 praeter
970 3403 1114 3488 Raram,
1132 3403 1282 3478 Venatum,
1295 3401 1489 3466 Flomstiaos
1502 3408 1537 3465 et

429 3508 540 3573 Paris.
552 3526 582 3571 2.
611 3506 718 3570 Addit
726 3506 776 3569 his
784 3504 1013 3591 posterioribus
1022 3504 1087 3569 eod.
1099 3503 1299 3568 Dresdeuem
1309 3502 1535 3567 Heiniohenus.

477 3608 561 3672 lbid.
576 3608 597 3672 h
613 3628 622 3669 ι
628 3628 660 3691 5.
675 3606 887 3691 παρεκστῆναι]
904 3605 993 3670 Maio
1007 3605 1198 3691 interpretes
1212 3626 1322 3668 omues
1337 3604 1420 3667 huno
1431 3603 1537 3667 looum

428 3732 554 3799 cepere.
575 3711 776 3789 παρεκσπῆναι
791 3714 841 3771 est
860 3707 940 3771 salso
955 3706 1072 3771 mentis
1086 3728 1216 3770 exoessu
1231 3705 1346 3790 abripi.
1391 3705 1444 3769 sio
1462 3731 1536 3785 παρ-

429 3809 575 3877 έκστασις
601 3831 699 3893 supra
727 3809 873 3882 sumitur,
902 3808 935 3872 id
964 3815 1015 3873 est
1040 3807 1121 3873 salsa
1148 3808 1290 3872 ecstasis.
1344 3806 1426 3871 Sunt
1451 3805 1537 3868 enim

429 3934 514 3977 verae
539 3918 680 3976 eostases
702 3910 736 3973 in
764 3909 904 3987 eeclesia,
926 3909 1102 3993 eujusmodi
1128 3908 1189 3973 fuit
1215 3907 1305 3973 Petri
1331 3908 1477 3993 apostoli,
1503 3907 1536 3970 in

430 4014 572 4078 Actibus
593 4034 663 4097 esp.
680 4035 710 4075 x.
734 4019 767 4077 et
782 4011 826 4076 xi.
854 4011 909 4075 ubi
934 4012 1052 4075 Petrus
1079 4009 1194 4074 vidisse
1219 4009 1337 4073 dieitur
1364 4010 1398 4071 in
1420 4009 1536 4073 ecstasi

429 4114 594 4179 visionem.
640 4113 732 4178 Talis
757 4112 835 4177 item
858 4113 920 4176 suit
944 4112 1076 4177 ecstasis
1101 4111 1194 4175 Pauli
1219 4110 1367 4197 apostoli,
1394 4131 1465 4173 oum
1493 4111 1536 4175 ad

430 4216 564 4281 tertium
589 4238 689 4299 usque
712 4214 824 4279 oaelum
848 4215 1001 4299 abreptus
1026 4220 1087 4277 est.
1133 4212 1310 4276 Puerorum
1336 4232 1461 4295 quoque
1487 4233 1537 4275 eo-

430 4326 534 4383 stases
549 4317 583 4381 in
597 4316 814 4381 testimonium
827 4316 1029 4380 adducuntur
1042 4337 1063 4379 a
1076 4313 1235 4399 Cypriane
1250 4313 1283 4375 in
1296 4312 1431 4397 epistola
1442 4333 1536 4376 nona.

433 4421 515 4484 Sunt
539 4419 618 4483 item
641 4418 728 4482 salsae
751 4425 890 4481 eostases
913 4417 1000 4502 apud
1022 4416 1201 4491 haereticos,
1224 4435 1295 4498 quae
1318 4413 1537 4493 παραστάσεις

430 4521 595 4607 eleganter
609 4519 759 4583 dieantur
771 4519 813 4583 ab
828 4519 889 4582 hoo
903 4517 1067 4604 scriptore.
1113 4516 1236 4580 Eodem
1250 4514 1345 4578 modo
1360 4536 1422 4598 quo
1443 4540 1536 4595 παρα-

432 4624 606 4703 sapewic
625 4621 712 4685 salsae
730 4621 967 4684 emendationes
991 4619 1141 4683 dicuutur
1159 4639 1180 4681 a
1197 4614 1375 4700 Porphyrio
1395 4614 1428 4677 in
1451 4633 1536 4698 quae·

432 4722 591 4788 stiouibus
611 4721 800 4786 Homeriois.
846 4721 891 4784 Et
914 4721 964 4784 hae
988 4720 1116 4805 quidem
1136 4718 1222 4782 salae
1243 4724 1391 4791 eostases,
1407 4716 1536 4800 propius

431 4826 474 4890 ad
488 4826 628 4888 furorem
642 4824 808 4899 aooedunt,
823 4829 936 4906 utpote
955 4844 976 4886 a
991 4822 1133 4885 daemone
1148 4825 1336 4906 procuratae.
1376 4816 1443 4880 Illae
1462 4840 1537 4880 voro

433 4948 504 5011 quse
524 4949 546 4991 a
560 4924 667 4989 divino
686 4923 809 5009 Spiritu
832 4922 1060 4999 immittuntur,
1078 4922 1211 5006 pleoidae
1231 4926 1316 4997 sunt,
1338 4940 1396 4981 nee
1415 4925 1536 4982 statum

433 5026 551 5091 mentis
568 5025 634 5090 ullo
654 5025 748 5089 modo
771 5023 969 5109 perturbent,
987 5029 1024 5087 ut
1038 5022 1132 5087 dooet
1153 5021 1350 5106 Epiphanius
1369 5019 1402 5082 in
1423 5017 1536 5082 haeresi

433 5128 720 5214 cataphrygarum,
744 5125 852 5190 ethio
878 5132 993 5189 auetor
1014 5122 1241 5188 innominatus.
1286 5122 1392 5201 Quare
1416 5118 1538 5183 fallitur
