3917 6467
528 1092 594 1154 210
908 1088 1262 1155 ANNOTATIONES

531 1268 550 1300 ‘⁴
565 1261 644 1337 licis,
667 1282 697 1344 p.
710 1281 740 1338 4.
762 1267 829 1323 not.
847 1260 877 1322 8.
900 1261 987 1324 haud
1010 1261 1143 1325 obscure
1164 1260 1313 1324 ridentur
1333 1258 1505 1345 declarare,
1530 1259 1602 1324 sen

529 1369 551 1399 “
568 1361 732 1424 Asterium
749 1360 918 1424 Urbanum
933 1361 1037 1447 ipsum
1050 1361 1147 1427 fuisse
1166 1360 1412 1438 Montanium,
1427 1361 1521 1445 inquo
1533 1367 1604 1425 seete

530 1471 551 1501 “
567 1483 633 1525 suae
653 1462 791 1545 gratiam
806 1462 997 1546 Apologiam
1015 1463 1186 1548 scripsisse.
1231 1462 1369 1528 Omnino
1388 1462 1483 1538 enirn
1502 1460 1607 1546 quimn
1664 1532 1665 1551 ἶ

531 1572 551 1602 “
567 1563 663 1627 luerit
684 1564 746 1627 iste
768 1563 929 1640 Asterius,
948 1564 982 1627 in
1003 1564 1116 1629 ultimo
1137 1571 1282 1629 veterum
1302 1564 1344 1629 de
1365 1586 1406 1629 eo
1426 1563 1554 1629 silentio
1567 1584 1610 1626 ιιοι

532 1672 552 1703 “
566 1670 655 1729 totos
669 1665 781 1749 lugit.”
818 1664 900 1729 Haec
916 1665 1050 1729 Keilius.
1088 1667 1136 1731 Et
1150 1665 1288 1731 fortusse
1300 1666 1345 1731 ad
1358 1664 1567 1731 imitationem
1577 1662 1611 1727 iu

530 1766 710 1850 scriptionis
729 1767 961 1851 evangeliorum
982 1766 1096 1833 titulus
1117 1767 1169 1832 hic
1189 1767 1341 1853 praefixus
1359 1774 1421 1843 οιιι,
1436 1766 1539 1848 Adpoe
1559 1766 1614 1828 sal

530 1866 690 1948 Ἀστέριον
703 1867 876 1948 Οὐρβανὸν,
899 1867 994 1932 Liber
1006 1879 1126 1933 oudone
1137 1869 1259 1933 Am
1275 1867 1409 1932 Urbano.

574 1968 612 2032 P.
631 1970 701 2052 189.
725 1968 746 2032 l.
764 1988 814 2053 13.
836 1971 994 2053 λαλοῦντι]
1018 1974 1190 2037 λαλοῦντας
1209 1971 1283 2034 MS
1307 1969 1415 2054 «Steph-
1434 1970 1563 2055 Harpy.
1581 1966 1616 2032 d

532 2070 639 2133 Genea.
663 2077 697 2133 et
719 2070 881 2134 Jonesioci
905 2071 1009 2155 Steph.
1031 2072 1221 2157 susceptoris.
1244 2071 1377 2136 sanem.
1423 2071 1472 2134 Hi
1497 2071 1618 2135 forta

530 2193 589 2257 pro
603 2192 667 2235 uno
685 2178 811 2235 tantum
831 2180 915 2236 teste
934 2172 1073 2237 habendi
1094 2180 1178 2249 suut,
1201 2181 1235 2238 et
1254 2194 1326 2238 cum
1345 2178 1479 2257 recepta
1498 2170 1620 2236 lectione

529 2272 608 2337 lacit
635 2279 727 2336 vetus
750 2272 974 2357 interpretatio
1000 2275 1121 2359 Ihefiei,
1150 2274 1294 2359 quidemn
1317 2272 1373 2358 qui
1397 2270 1620 2358 Ιοριιοὸαιοτίιι

529 2375 722 2439 Mcaimilla.
759 2375 908 2440 Ceterum
928 2375 997 2439 hoee
1015 2375 1215 2440 ilhntrantnr
1233 2374 1338 2440 verbis
1357 2373 1453 2438 Pauli
1473 2374 1509 2438 in
1528 2394 1540 2438 1
1562 2375 1620 2437 Cor.

530 2475 593 2540 xiv.
610 2495 661 2558 24.
673 2495 723 2560 25.
738 2495 789 2559 29.
805 2499 869 2561 quo
883 2477 1013 2561 respicit
1027 2484 1151 2542 auctor.

575 2578 657 2641 lbid.
680 2579 766 2660 l.14.
790 2579 939 2661 Κομόνης]
968 2578 1129 2663 Oppidum
1154 2577 1280 2641 videtur
1302 2576 1398 2641 luisse
1424 2574 1623 2662 Pamphyl'ne

530 2677 626 2743 Oerte
646 2678 804 2763 Ephesius
823 2678 989 2763 episcopus
1009 2679 1209 2743 Gomaneuus
1231 2686 1428 2741 memoratur
1447 2677 1483 2741 in
1500 2677 1625 2763 epistoh

529 2780 748 2864 spiscopomm
769 2780 964 2864 Pamphyliae
984 2779 1153 2863 provinciae
1172 2780 1215 2843 ad
1236 2778 1374 2843 Leonem
1392 2780 1483 2862 Aug.
1499 2799 1572 2863 qua
1583 2798 1626 2842 ro·

529 2880 632 2945 l'ertur
651 2881 684 2944 iu
707 2887 801 2966 parte
822 2881 920 2946 tertia
940 2881 1072 2945 Ooneilii
1091 2879 1365 2947 (l'nalcedonensis.
1386 2901 1418 2965 p.
1432 2899 1510 2964 391.
1534 2880 1628 2942 Vsus·

529 3004 602 3046 erus.
652 2982 807 3062 Κονμόνης
829 2982 983 3067 seriptum
1005 2989 1055 3046 est
1079 2982 1113 3045 iu
1135 2983 1215 3047 MS.
1239 2981 1378 3065 Neq‘ole.
1422 2979 1519 3044 Nunc
1542 2980 1627 3045 addit

529 3083 692 3149 Burtonus
706 3082 790 3146 codd.
802 3082 890 3146 Mod.
904 3082 993 3146 Mae.
1005 3082 1114 3146 Μαι.
1126 3083 1227 3146 Porio
1240 3103 1268 3146 1.
1283 3089 1318 3145 et
1328 3079 1428 3146 Socii.
1457 3079 1628 3146 commem

531 3185 694 3248 Armeniae
706 3183 859 3248 Secundae
868 3183 1049 3268 adscripsit,
1058 3185 1140 3248 dont
1148 3191 1225 3248 ante
1239 3183 1406 3256 Baronius,
1413 3182 1528 3247 itidem
1537 3183 1627 3246 Pear·

530 3287 636 3350 eonius
648 3285 681 3348 in
692 3284 762 3348 loco
769 3287 838 3368 jam
850 3285 991 3350 indicato
1003 3308 1034 3371 p.
1049 3304 1121 3349 200.
1148 3284 1204 3349 Ad
1216 3286 1327 3350 urbem
1335 3285 1471 3349 alteram
1483 3284 1569 3368 quod
1583 3290 1629 3348 at-

530 3388 612 3452 tinet
636 3387 823 3472 Apameam,
854 3387 986 3450 dubium
1009 3386 1144 3460 videtur,
1169 3393 1278 3450 utrum
1304 3390 1463 3470 Apamea,
1492 3406 1564 3469 quse
1590 3384 1629 3448 sd

531 3488 723 3555 Meandrum
743 3488 831 3551 dicte
854 3495 915 3564 est,
930 3487 962 3550 in
982 3486 1125 3572 Phrygia
1145 3487 1218 3563 sita,
1239 3506 1397 3570 quamque
1414 3493 1533 3550 auctor
1552 3485 1631 3549 inlra

530 3600 695 3666 memorat,
710 3589 901 3673 designetur,
917 3610 960 3653 an
973 3589 1050 3653 urbs
1065 3586 1259 3673 cognominis
1272 3588 1359 3672 apud
1374 3586 1573 3671 Bithyniam.

575 3691 656 3755 lbid.
673 3690 694 3754 l.
708 3706 756 3773 15.
772 3693 801 3754 ol
816 3692 884 3771 περὶ
899 3691 1078 3774 Θεμίσωνο]
1102 3690 1241 3754 Illustris
1261 3690 1313 3753 hio
1327 3688 1389 3752 fuit
1401 3688 1488 3752 inter
1504 3687 1630 3752 Montu-

530 3794 642 3869 uistas,
665 3791 718 3876 qui
739 3813 773 3855 se
798 3792 1007 3856 confessorem
1031 3800 1065 3856 et
1088 3800 1261 3876 martyrem
1282 3791 1450 3875 jactabat,
1473 3810 1632 3873 aususque

531 3903 580 3960 est
603 3894 770 3979 epistolam
793 3892 983 3957 catholicam
1002 3893 1147 3978 exemplo
1166 3893 1301 3977 apostoli
1316 3891 1454 3956 scribere
1475 3891 1520 3955 ad
1538 3891 1630 3955 eccle

530 3996 603 4071 sias,
631 4003 669 4058 ut
697 4017 811 4058 novam
840 3995 1041 4079 prophetiam
1070 3994 1317 4058 commendaret.
1362 3993 1412 4054 Dc
1441 3992 1504 4056 hoc
1532 3992 1631 4057 multa

531 4097 719 4181 Apollonius
734 4097 765 4158 in
786 4097 929 4180 sequenti
944 4096 1050 4182 eapite
1067 4101 1179 4180 (supra
1195 4118 1227 4180 p.
1238 4094 1340 4178 468.).
1367 4093 1536 4159 Vsnmrus.
1582 4093 1630 4158 lbi

531 4197 641 4262 scribit
652 4205 685 4262 et
701 4197 868 4273 Eusebius,
877 4197 1079 4283 consignasse
1092 4196 1209 4261 litteris
1220 4195 1424 4280 Apollonium
1432 4195 1517 4260 bane
1529 4196 1630 4261 Zotici

530 4298 698 4385 repulsam.
733 4299 777 4362 Et
793 4298 892 4362 simile
907 4299 984 4383 quid
998 4321 1126 4385 passum
1141 4299 1237 4363 luisse
1252 4297 1364 4362 Sotam
1379 4296 1529 4361 Anchiali
1546 4299 1632 4362 urbis

532 4401 675 4466 Thraciae
690 4401 880 4485 episcopum,
893 4421 964 4463 cum
979 4402 1169 4464 daemonium
1182 4398 1333 4463 Priscillae
1344 4398 1457 4484 ejicere
1468 4399 1630 4476 voluisset,

528 4503 735 4588 jurejurando
754 4508 909 4565 testatum
929 4503 1056 4587 reliquit
1077 4502 1186 4565 AElius
1209 4501 1342 4565 Publius
1364 4498 1481 4576 Julius,
1504 4499 1630 4565 Debelti

531 4604 676 4676 antistes.
732 4603 807 4667 Vid.
834 4603 1017 4669 Suasrrours
1041 4607 1238 4690 Fragmenta
1262 4625 1359 4688 supra
1383 4603 1417 4665 in
1439 4601 1501 4666 vol.
1514 4604 1543 4667 Ι.
1558 4625 1629 4689 pag.

530 4729 605 4794 45¹·
620 4715 654 4771 et
669 4714 778 4771 notam
793 4707 833 4770 ad
849 4706 909 4769 loc.

575 4811 613 4874 P.
631 4829 700 4894 190.
723 4809 745 4871 l.
756 4827 789 4891 5.
813 4809 907 4871 πλείω
932 4811 989 4890 γὰρ
1014 4806 1032 4887 ἦ
1057 4810 1245 4889 τρισκαίδεκα
1271 4805 1333 4890 ἔτη]
1359 4805 1414 4869 Itu
1438 4826 1565 4890 quoque
1589 4805 1630 4870 nd

531 4914 779 4998 fragmentorum
799 4910 893 4977 finem
917 4916 1036 4975 auctor
1049 4910 1105 4984 alt,
1126 4907 1366 4992 τρισκαιδέκατον
1388 4908 1444 4987 ἤδη
1465 4932 1525 4971 πον
1545 4912 1629 4970 τοῦτο

532 5017 599 5082 ἔτος
613 5015 671 5078 ἀπὸ
686 5017 736 5091 τῆς
753 5014 941 5092 Μαξιμίλλης
955 5016 1103 5092 τελευτῆς.
1135 5012 1244 5096 Atque
1259 5010 1343 5086 inde,
1357 5009 1390 5073 ni
1405 5008 1506 5087 fallor,
1521 5010 1628 5094 depre-

531 5116 699 5183 hendenda
726 5136 801 5178 vera
829 5112 927 5203 ipsius
955 5121 1036 5179 aetas
1065 5122 1125 5177 ost.
1169 5112 1284 5178 Gavius
1313 5110 1450 5204 quidem,
1481 5109 1627 5197 quemad-
