3917 6467
504 1081 552 1147 lN
574 1082 609 1148 S.
634 1083 911 1149 ALEXANDRI
936 1083 1116 1149 illusos
1140 1083 1315 1149 FRAGM.
1400 1084 1462 1151 173

356 1250 415 1315 Ill.
455 1253 506 1316 De
519 1252 641 1339 origine
654 1261 761 1319 autem
782 1254 870 1318 urbis
890 1253 1061 1319 Antinoeae
1079 1253 1110 1316 in
1125 1253 1274 1338 AEgypto
1289 1252 1350 1315 vid.
1367 1273 1464 1337 supra

357 1352 529 1417 Heersrrrr
545 1354 742 1441 Fragmenta
756 1380 787 1443 p.
801 1358 873 1421 218.
890 1357 950 1420 vol.
964 1358 994 1420 Ι.

407 1455 487 1519 lbid.
503 1457 523 1521 l.
542 1478 588 1521 ιι.
609 1461 873 1539 συνεξεταζόμενός
886 1485 938 1539 μοι
952 1462 1002 1523 διὰ
1016 1465 1073 1523 τῶν
1089 1458 1198 1543 εὐχῶν]
1223 1457 1364 1520 Pessime
1379 1457 1464 1521 huno

358 1558 465 1623 bcum
484 1568 649 1625 verterunt
668 1561 802 1625 Rufinus
820 1569 854 1626 et
874 1561 1189 1646 Christophorsonus.
1234 1560 1333 1623 Recte
1355 1566 1464 1623 autem

362 1663 588 1747 Hieronymus,
613 1663 688 1728 licet
709 1685 773 1727 non
794 1665 836 1728 ad
858 1664 1000 1739 verbum,
1021 1663 1254 1747 interpretetur
1275 1661 1335 1725 hoc
1358 1662 1462 1725 mode.

362 1764 490 1828 Sdasol
502 1786 552 1829 cos
565 1766 742 1843 Narcissus,
758 1766 813 1851 qui
826 1774 894 1829 ceste
909 1763 1018 1829 ecclic
1032 1764 1128 1828 lcauc't
1142 1762 1338 1848 episcopatem
1358 1762 1462 1838 boma

359 1877 388 1930 a
404 1887 486 1930 susc
504 1888 615 1930 mxum
635 1868 760 1931 οαοᾱοοι
779 1865 963 1931 madianites
985 1867 1072 1952 repit.
1118 1865 1191 1930 Hoc
1213 1865 1297 1930 enim
1319 1866 1379 1930 sibi
1395 1865 1463 1930 vult

361 1969 556 2045 Alexander,
573 1970 756 2035 Narcissum
771 1970 803 2032 in
819 1969 1016 2034 orationibus
1030 1970 1200 2046 duntaxat,
1216 1991 1279 2032 non
1294 1969 1327 2032 in
1342 1969 1464 2053 reliquo

360 2072 534 2157 episcopali
562 2094 704 2148 munere,
733 2071 792 2136 sibi
821 2071 974 2156 collegam
1006 2070 1112 2135 luisse.
1170 2070 1326 2151 Quocirca
1360 2071 1464 2148 addit,

360 2172 499 2237 eundem
512 2172 696 2236 Narcissum
708 2194 809 2236 annos
823 2179 951 2236 centum
963 2194 1001 2235 ac
1017 2171 1154 2235 sedecim
1169 2179 1281 2236 natum
1296 2193 1376 2235 esse.
1413 2170 1465 2233 Ex

361 2274 480 2359 quibus
501 2283 645 2360 apparet,
665 2274 885 2338 Alexandrum
906 2297 969 2337 non
990 2280 1058 2337 tam
1080 2274 1260 2357 adjutorem
1283 2294 1378 2356 quam
1401 2272 1465 2358 epi·

361 2398 494 2461 scopum
509 2376 542 2440 in
556 2376 659 2441 locum
671 2376 822 2452 Narcissi,
834 2384 947 2461 utpote
958 2378 1027 2460 jam
1038 2375 1201 2460 decrepiti,
1214 2375 1334 2439 factum
1349 2374 1464 2438 fuisse:

363 2478 549 2543 Narcissum
564 2501 638 2542 vero
661 2478 781 2542 nudum
802 2500 915 2541 nomen
936 2478 1076 2563 episcopi
1097 2485 1195 2561 atque
1215 2477 1368 2541 honorem
1390 2476 1465 2540 reti-

363 2582 480 2645 nuisse.
512 2580 676 2645 Vra-rus.
724 2582 785 2659 Qui
816 2581 911 2666 paulo
942 2588 1019 2645 ante
1046 2588 1203 2667 praeterea
1234 2581 1466 2655 adnotaverat3

362 2692 386 2721 ‘⁶
403 2683 618 2769 Hieronymus
633 2683 665 2746 in
681 2683 835 2768 (latalogo
854 2693 888 2748 et
904 2684 1101 2768 Nicephorus
1120 2683 1223 2768 ipsum
1245 2704 1369 2765 quoque
1385 2682 1466 2745 Nar·

365 2794 384 2823 ‘⁴
401 2785 517 2849 cissum
542 2785 615 2851 huic
641 2786 687 2850 rei
712 2785 906 2849 consensisse
931 2785 1092 2849 scribunt:
1125 2784 1209 2868 quod
1234 2784 1343 2870 procul
1370 2784 1467 2849 dubio

364 2896 386 2924 “
401 2910 509 2952 verum
525 2898 583 2952 est.
630 2888 737 2953 Invito
755 2889 839 2952 enim
860 2888 1006 2974 episcopo
1026 2888 1157 2973 adjutor
1176 2887 1245 2951 dari
1266 2909 1329 2949 non
1349 2895 1465 2972 potest.

366 2999 389 3029 ‘⁶
407 2989 511 3053 Porro
525 2991 558 3053 in
573 2991 633 3054 hac
648 2989 825 3054 Alexandri
840 2990 1003 3067 electione,
1016 2991 1079 3053 duo
1095 2999 1208 3054 contra
1222 2988 1467 3053 ecclesiasticam

364 3090 544 3177 “regulam
567 3092 706 3155 admissa
725 3100 811 3156 sunt.
856 3092 1009 3168 Primum,
1030 3092 1114 3176 quod
1136 3092 1177 3155 ab
1198 3112 1261 3154 uno
1282 3091 1467 3175 episcopatu

364 3203 388 3231 “
403 3193 588 3258 Alexander
602 3195 644 3258 ad
658 3193 755 3258 alium
776 3193 952 3258 translatus
972 3201 1032 3257 est.
1076 3192 1234 3267 Alterum,
1251 3191 1335 3275 quod
1357 3212 1466 3276 super·

365 3304 388 3332 “
402 3296 472 3360 stiti
487 3295 635 3382 episcopo
649 3295 780 3379 adjutor
793 3304 827 3359 et
842 3294 1046 3379 coepiscopus
1061 3302 1110 3357 est
1131 3292 1311 3376 adjunctus.
1357 3292 1468 3376 Atque

367 3408 385 3435 “
401 3398 463 3462 hoc
483 3398 619 3483 primum
639 3396 818 3481 exemplum
837 3395 975 3460 occurrit
995 3395 1215 3478 coadjutorum
1238 3393 1466 3478 episcoporum.

367 3500 498 3581 “Quod
520 3500 594 3565 licet
615 3506 729 3585 postea
743 3498 876 3562 vetitum
898 3497 995 3561 luerit
1017 3496 1049 3559 in
1067 3495 1208 3560 Concilio
1230 3494 1419 3571 sardicensi,
1436 3494 1467 3558 ni

368 3614 389 3644 “
404 3604 506 3679 fallor,
531 3603 732 3668 nihilominus
757 3601 930 3666 identidem
957 3601 990 3664 in
1019 3600 1150 3664 ecclesia
1173 3605 1361 3684 usurpatum
1384 3600 1468 3663 est.''

369 3706 423 3771 lta
439 3705 596 3770 Valesius.
643 3708 732 3769 Ante
749 3705 952 3768 Sardicenses
966 3703 1141 3768 Concilium
1160 3723 1285 3786 quoque
1301 3703 1331 3765 N
1335 3702 1467 3765 icaenum

366 3808 528 3894 gramanti
543 3808 594 3872 isti
605 3807 824 3872 consuetudini
837 3828 958 3871 canone
973 3828 1031 3869 suo
1046 3812 1159 3869 octavo
1172 3804 1325 3868 obsistere
1335 3804 1468 3867 voluisse

367 3918 478 3974 monet
502 3910 713 3994 Lemoynaeus
734 3909 767 3972 in
788 3908 1009 3993 Prolcpomcuis
1031 3907 1200 3971 Variacum
1224 3909 1311 3970 Scor.
1336 3907 1390 3969 fol.
1415 3908 1466 3970 80.

368 4017 418 4077 At
444 4033 519 4075 vero
544 4012 697 4076 memoria
722 4012 893 4075 tenendum
920 4019 983 4086 est,
1008 4031 1080 4074 cum
1106 4016 1237 4093 propter
1262 4008 1469 4072 revelationes

367 4112 522 4177 divinitus
534 4112 646 4175 missae
663 4112 731 4176 haeo
744 4119 838 4197 gesta
851 4112 957 4185 luisse,
974 4121 1043 4176 tum
1064 4111 1110 4175 rei
1131 4110 1339 4174 communiter
1359 4110 1468 4174 suffra-

367 4225 463 4302 gatos
476 4215 572 4279 fuisse
587 4215 759 4279 vicinarum
774 4216 977 4279 ecclesiarum
991 4215 1164 4300 episcopos.
1200 4213 1347 4278 Ceterum
1359 4214 1398 4277 de
1409 4236 1468 4278 usu

369 4318 456 4383 verbi
472 4320 739 4399 συνεξεταζόμευος
752 4319 972 4382 adrumetus
987 4318 1089 4381 lexica
1103 4326 1213 4402 agunt,

415 4421 452 4483 P.
474 4423 543 4485 166.
561 4420 581 4485 l.
606 4440 654 4504 13.
677 4424 783 4500 ὁμοίως
806 4421 871 4500 ἐμοὶ
892 4419 1124 4503 ὁμοφρονῆσαι]
1149 4419 1207 4481 Ed.
1230 4417 1340 4503 steph.
1363 4421 1469 4498 ὁμοίως

369 4524 435 4601 ἐμοὶ
453 4526 613 4603 φρονῆσαι.
662 4523 700 4585 ln
720 4524 826 4587 codice
843 4523 985 4586 Medae
1007 4523 1091 4586 Μαι.
1107 4529 1141 4586 et
1158 4523 1239 4587 Fuk.
1256 4532 1289 4587 et
1308 4524 1393 4608 apud
1415 4522 1470 4585 Ni-

369 4625 542 4711 cephorum
567 4625 717 4689 scribitur
746 4628 853 4712 ὁμοίως
883 4626 948 4704 ἐμοὶ
974 4627 1190 4706 ὁμοφρονῆσαι,
1217 4625 1335 4688 rectius
1360 4623 1469 4709 procul

369 4728 477 4802 dubio,
494 4739 532 4792 ut
546 4749 586 4791 ex
601 4726 707 4790 Rufini
723 4734 757 4791 et
773 4727 961 4811 Hieronymi
981 4726 1242 4812 interpretatione
1263 4727 1468 4791 convincitur.

370 4831 532 4895 Vsaasrus.
576 4829 656 4894 Cum
680 4830 794 4893 Vetuit
808 4830 939 4893 Maste
959 4829 1162 4892 consentiunt
1184 4829 1294 4892 codices
1307 4829 1398 4892 Bcdl.
1415 4851 1470 4892 seu

368 4932 473 4999 Sacil.
489 4941 523 4998 et
541 4932 681 5015 Norsolc.
696 4939 730 4996 et
750 4932 847 4996 ceteri
867 4932 900 4995 in
920 4932 1056 4996 Burtoni
1077 4953 1168 4995 usum
1189 4932 1304 4995 collati.
1352 4931 1389 4993 ln
1410 4931 1470 4994 hoo

368 5044 477 5100 autem
492 5034 661 5121 posteriori
676 5034 774 5097 codice
787 5034 937 5098 scribitur
951 5039 1113 5114 παρακαλῶ
1128 5056 1186 5118 pro
1201 5040 1393 5113 superelecta.

412 5136 495 5201 lbid.
510 5136 531 5199 l.
550 5156 600 5201 21.
616 5141 712 5199 Τοῦτο
727 5139 786 5217 γὰρ
802 5137 850 5198 καὶ
864 5136 979 5215 θέλημα
994 5134 1092 5219 Θεοῦ]
1116 5135 1285 5210 Eusebius,
1299 5146 1469 5220 postquam
