3917 6467
599 918 650 983 Ill
671 917 804 986 Anus.
826 918 1007 985 ooNTuA
1029 917 1383 987 uATAPfluYuAS.
1474 921 1540 986 21⁹1

425 1090 540 1175 judiee
565 1089 731 1160 Dodwello
753 1091 880 1156 Dinon.
896 1091 936 1156 iv.
952 1092 987 1156 in
1004 1092 1152 1177 θγρήαιι,
1170 1092 1199 1174 5.
1218 1111 1268 1155 ιι.
1284 1089 1445 1168 describit,
1466 1110 1538 1173 pro-

430 1192 579 1279 phetiam
601 1200 789 1279 perpetuum
803 1193 872 1259 iore
892 1194 978 1280 apud
1001 1193 1174 1271 eeclesiam,
1189 1200 1225 1258 et
1243 1194 1287 1258 ud
1309 1192 1419 1258 muudi
1438 1213 1538 1276 usque

431 1296 740 1363 ouummmstiouem
758 1319 869 1362 revers
887 1319 1137 1382 permansurum.
1171 1295 1245 1360 Vid.
1266 1295 1426 1385 Epiphun.
1443 1296 1537 1358 Hoer.

433 1397 534 1463 xlviii.
560 1420 647 1463 nunu
670 1417 699 1462 2.
745 1399 856 1484 Neque
881 1399 1040 1468 diversum
1072 1398 1148 1482 quid
1181 1397 1325 1465 indiount
1351 1395 1537 1461 Maximillae

434 1501 778 1587 pseudoprophetissae
799 1501 897 1566 verbs
918 1503 1002 1587 apud
1018 1501 1232 1586 Epiphunium
1253 1500 1370 1564 ibidem
1391 1507 1536 1564 servato:

437 1602 514 1668 Μετ’
529 1607 584 1684 ἐμὲ
597 1610 744 1687 προφῆτις
754 1605 851 1674 οὐκέτι
866 1606 960 1683 ἔσται,
973 1607 1056 1669 ἀλλὰ
1073 1604 1241 1671 συντέλεια.
1268 1603 1430 1689 Oplnutur
1442 1622 1539 1687 porro

437 1704 629 1784 Dodwollus,
643 1707 731 1772 istud
750 1708 912 1794 collegisse
931 1717 1055 1774 veteres
1068 1730 1109 1777 ex
1129 1706 1266 1792 apostoli
1290 1706 1360 1770 loco
1383 1705 1416 1768 in
1437 1704 1538 1790 θριξὶ.

436 1808 482 1872 od
493 1808 605 1895 θρλιι.
619 1832 690 1895 esp.
704 1810 744 1874 iv.
760 1832 873 1876 oomm.
890 1831 940 1889 11,
958 1831 1007 1889 ια,
1023 1832 1033 1874 ι
1039 1831 1071 1896 3.
1106 1811 1292 1875 Lurdnerus
1306 1817 1415 1879 mrtem
1429 1813 1538 1871 sueto

437 1932 505 1975 rem
528 1919 676 1997 speuture
697 1922 806 1978 denset
827 1915 870 1978 ud
884 1914 985 2000 θριξὶ.
1002 1915 1143 1999 perorem
1161 1914 1207 1978 ud
1228 1912 1368 1978 Corinth.
1390 1933 1460 1996 oup.
1472 1909 1537 1973 xiii.

437 2035 553 2078 domm.
565 2016 660 2078 8-10.
682 2017 823 2081 ΒσΗιξὶ.
835 2018 954 2102 θιααρ.
970 2016 1147 2102 Fidepurt.
1158 2015 1191 2080 ii.
1208 2038 1235 2079 v.
1246 2034 1278 2100 3.
1293 2014 1349 2078 lib.
1361 2013 1387 2076 l.
1403 2035 1473 2098 esp.
1485 2030 1537 2097 33.

438 2113 485 2180 Et
500 2137 576 2185 vero
593 2115 663 2181 iiori
683 2125 801 2203 potest,
817 2130 855 2183 ut
874 2128 1044 2204 utrumque
1062 2118 1151 2198 ῥῆσιν
1171 2116 1379 2202 apostolieum
1399 2114 1432 2177 in
1454 2113 1538 2178 hune

438 2217 567 2281 modum
589 2219 730 2284 nonnulli
745 2220 820 2284 olim
838 2219 1135 2306 interpretarentur.
1181 2219 1411 2305 Fragmentum
1429 2224 1538 2281 autem

437 2317 524 2383 uliud
544 2342 565 2384 a
586 2319 725 2407 Didymo
745 2324 839 2389 Alex.
855 2323 887 2387 in
909 2345 1005 2408 opero
1027 2323 1076 2387 De
1094 2322 1245 2387 Triuitots
1264 2328 1436 2398 seruatum,
1453 2318 1539 2403 quod

438 2420 567 2505 quidem
588 2445 679 2508 opus,
694 2432 732 2491 nt
752 2425 868 2511 saepius
889 2424 1008 2499 notavi,
1023 2426 1109 2511 apud
1125 2424 1226 2490 Itulos
1240 2423 1327 2488 hund
1349 2423 1397 2487 itu
1415 2422 1538 2508 pridem

437 2523 574 2606 primum
590 2526 711 2590 editum
726 2506 787 2606 eit,
800 2527 958 2592 diversum
970 2527 1046 2613 quid
1061 2527 1211 2593 statuisse
1223 2525 1404 2592 Catholioos
1414 2525 1454 2589 de
1468 2545 1537 2609 per-

438 2627 618 2693 severantis
646 2629 800 2694 donorum
829 2630 1087 2716 prophetioorum
1116 2630 1207 2693 nobis
1236 2628 1389 2714 suggerit.
1434 2627 1536 2711 Frug-

439 2738 581 2794 mentum
607 2728 659 2796 hio
681 2732 834 2817 sequitur,
858 2754 899 2797 ex
924 2730 1155 2797 Montunistioo
1176 2732 1314 2817 quodum
1340 2729 1459 2816 scripto
1485 2728 1538 2792 de

439 2840 610 2917 sumptum.
655 2831 817 2915 Λέγουσιν,
832 2835 879 2899 ὅτι
892 2836 975 2913 ὑμεῖς
991 2832 1169 2917 (catholini)
1179 2833 1217 2902 ,οὔ
1231 2833 1386 2897 πιστεύετε
1397 2834 1472 2911 μετὰ
1483 2829 1538 2908 τὴν

440 2935 555 3013 τρότησ
570 2934 750 3016 ἐπιφάνειαν
763 2941 816 2999 τοῦ
839 2937 986 2999 δεσπότου
1002 2934 1077 2999 εἶναι
1091 2934 1255 3016 προφήτας·
1280 2933 1364 2997 εἶπεν
1382 2934 1428 3009 δὲ,
1443 2932 1538 3013 φησὶν

439 3035 681 3124 (prophetissa),
697 3039 714 3101 ὁ
729 3038 840 3119 Σωτήρ·
863 3037 941 3108 Ἰδοὺ
955 3039 1015 3119 ἐγὼ
1029 3034 1209 3106 ἀποστέλλω
1218 3036 1290 3117 πρὸς
1300 3037 1375 3115 ὑμᾶς
1383 3033 1538 3115 προφήτας

438 3140 480 3202 καὶ
496 3139 615 3220 σοφοὺς
629 3137 677 3202 καὶ
691 3145 882 3220 γραμματεῖς,
898 3139 945 3202 καὶ
961 3140 993 3217 ἐξ
1008 3138 1104 3202 αὐτῶν
1122 3138 1320 3213 ἀποκτενεῖτε,
1341 3135 1388 3199 sul
1403 3133 1535 3213 σταυρό-

436 3264 517 3317 σετε,
533 3241 583 3304 καὶ
598 3238 636 3318 ἐξ
654 3240 751 3304 αιἰτῶιι
771 3241 977 3323 μαστιγώσετε
993 3242 1027 3304 ἐν
1048 3244 1112 3305 ταῖς
1131 3243 1320 3320 συναγωγαῖς
1340 3239 1422 3317 ὑμῶν
1437 3234 1535 3316 (Μαὶ.

430 3343 525 3429 xxiii.
534 3347 615 3428 34).
630 3342 685 3405 lib.
696 3341 739 3405 iii.
755 3365 823 3426 usp.
838 3343 957 3428 penult.
973 3365 1005 3428 p.
1019 3343 1094 3422 448.
1143 3341 1296 3406 (lonierus
1310 3362 1382 3404 eum
1396 3338 1447 3402 his
1460 3336 1535 3412 eliu,

429 3466 504 3529 quae
537 3444 583 3508 ibi
612 3443 719 3529 positu
748 3455 822 3518 sunt
852 3445 987 3530 insignia
1020 3444 1161 3529 ejusdem
1192 3439 1534 3538 pseudo-prophetissae

421 3549 538 3614 effatu
