3917 6467
427 1083 494 1145 834
804 1079 1185 1144 ANNOTA'I'IONES

429 1245 535 1330 Ipsius
559 1265 634 1308 vero
658 1243 803 1306 Africani
833 1264 937 1307 sermo
966 1243 1091 1307 brevior
1119 1251 1154 1308 et
1181 1242 1380 1307 contractior
1404 1241 1504 1307 ridetur

427 1368 507 1423 esse,
522 1367 617 1430 quem
642 1350 680 1409 ut
698 1344 806 1429 alique
828 1345 993 1410 sdditioue
1016 1352 1134 1410 osreet.
1180 1345 1285 1409 Totus
1307 1344 1430 1429 quidem
1450 1364 1506 1428 spo

427 1448 501 1513 stoli
517 1447 609 1512 Pauli
623 1446 712 1511 locus
726 1446 773 1511 ito
790 1447 907 1511 babet:
932 1450 993 1512 είτε
1011 1448 1065 1512 οῦν
1085 1449 1154 1530 tyb,
1171 1450 1233 1512 εἴτε
1253 1448 1373 1519 διεῖναι,
1388 1448 1457 1511 οὗτοι
1475 1472 1507 1524 ιη

426 1547 580 1626 ρθσοομεν
600 1544 681 1628 (scil.
705 1545 824 1610 Christi
846 1546 1121 1626 resurrectionem)
1144 1547 1193 1609 καί
1212 1548 1307 1612 ofm
1326 1547 1508 1609 ἐπιστεύσατε.

429 1651 467 1711 Ei
484 1650 516 1710 δὲ
537 1647 668 1728 Χριστὸς
688 1649 878 1727 κηρύσσεται,
892 1648 939 1710 ότι
959 1649 993 1710 ἐκ
1011 1652 1123 1728 νεκρόν
1142 1647 1311 1729 ἐγήγερται,
1327 1652 1389 1713 nis
1406 1646 1511 1727 λέγοντί

430 1775 506 1816 τινες
526 1751 561 1812 ἐν
582 1751 659 1827 ῦμΐν,
676 1750 722 1812 ότι
744 1749 910 1817 ἀνάστασις
930 1755 1041 1831 νεκριῦν
1060 1750 1113 1814 οῦκ
1135 1750 1238 1823 ἔστινς
1264 1751 1292 1813 εί
1312 1750 1346 1813 δὲ
1368 1747 1511 1814 δνόστοοο

428 1857 540 1931 νεκρῶν
554 1852 607 1914 οὐκ
622 1851 715 1923 ἔστιν,
731 1852 800 1914 ott)
816 1851 946 1932 Χριστὸς
961 1851 1126 1933 ἐγήγερται·
1150 1854 1178 1916 εί
1191 1853 1226 1916 δὲ
1243 1850 1377 1932 Χριατδτ
1393 1850 1444 1914 οῦκ
1461 1848 1512 1930 ipis

428 1976 542 2033 γερται,
558 1952 646 2016 κε’νον
670 1954 727 2033 δρα
747 1953 782 2016 τδ
803 1953 936 2035 κήρυγμα
954 1955 1047 2033 ἡμῦν,
1063 1953 1133 2032 πίνη
1153 1956 1185 2017 δὲ
1206 1954 1255 2017 καί
1277 1953 1297 2032 ἡ
1321 1953 1421 2019 πίστιν
1440 1953 1513 2029 bt&

428 2056 624 2134 εὑρισκόμεθα
644 2056 677 2117 δὲ
700 2056 749 2117 καὶ
769 2054 1010 2137 ψευδομάρτυρες
1030 2060 1084 2119 τοῦ
1107 2059 1200 2128 Θεοῦ,
1216 2056 1263 2119 ότι
1289 2051 1514 2134 immicum

428 2158 503 2217 κατὰ
516 2160 568 2217 τοῦ
584 2160 676 2227 Θεοῦ,
694 2155 739 2217 ότι
753 2155 853 2236 ἤγειρε
871 2156 925 2218 τδν
939 2156 1083 2236 Χριστὸν,
1098 2156 1134 2219 δν
1153 2155 1206 2218 οῦκ
1227 2155 1360 2237 ἤγειρεν,
1376 2156 1457 2234 είτερ
1471 2154 1515 2227 δρα

429 2257 528 2336 νεκροὶ
542 2257 594 2319 οῦκ
610 2257 787 2336 ἐγείρονται.
827 2259 864 2319 Ei
878 2260 938 2338 γδρ
949 2259 1047 2338 νεκροὶ
1061 2257 1114 2319 οὐκ
1129 2259 1309 2337 ἐγείρονται,
1321 2257 1390 2320 οὐδὲ
1404 2254 1516 2334 Χριστὸς

428 2359 595 2439 ἐγήγερται.
643 2358 758 2421 Totum·
773 2356 902 2422 breviter
926 2359 973 2421 ito
994 2358 1120 2435 dicitur,
1137 2357 1249 2422 scribit
1269 2357 1470 2442 Augustinus
1487 2357 1517 2419 de

427 2458 488 2522 hoc
507 2459 643 2543 apostoli
662 2458 731 2522 loco
755 2480 862 2545 egene,
880 2460 920 2522 Si
941 2481 1001 2523 coc
1020 2469 1062 2524 cet
1081 2461 1269 2536 resurreetio,
1284 2482 1379 2546 ιιαριιο
1396 2459 1517 2526 chesn

427 2560 616 2637 νσυυννοοῦς
641 2559 781 2624 Christus
794 2569 894 2624 αυίοτυ
908 2562 1086 2635 resecem,
1097 2570 1140 2625 ost
1153 2561 1251 2645 ι’ρίιιιν
1264 2561 1442 2626 roomo
1454 2581 1517 2624 που

427 2670 556 2724 tuorum.
584 2660 634 2725 De
648 2661 800 2725 Doctrina
818 2662 1006 2739 Christiana,
1023 2662 1059 2725 L.
1072 2684 1104 2727 x.
1118 2684 1187 2747 cop.
1203 2682 1257 2746 32.

471 2762 509 2825 P.
527 2782 598 2848 230.
620 2762 641 2825 l.
667 2764 716 2826 18.
738 2766 765 2827 εί
790 2766 823 2826 δὲ
847 2765 951 2847 οὕτως]
982 2768 1037 2828 νῦν
1062 2767 1096 2828 δὲ
1119 2767 1210 2832 οὕτως
1233 2765 1313 2829 MS.
1332 2763 1518 2828 Vindobona

428 2885 490 2947 quo
505 2863 618 2928 relicto
633 2865 763 2928 MStcm
780 2865 905 2928 θοὶιθίπ.
919 2865 970 2929 hio
985 2873 1112 2931 secutus
1126 2887 1206 2930 sum.
1251 2865 1317 2930 Sed
1333 2866 1417 2930 infre
1431 2866 1520 2929 τοίοαι

428 2965 508 3028 bene
522 2965 672 3030 scribitur
686 2965 718 3029 in
736 2967 859 3031 Ooielin.
875 2971 924 3031 διδ
936 2969 1144 3049 ψευδολογίαν
1159 2989 1218 3052 pro
1232 2971 1282 3031 διδ
1294 2970 1503 3050 ψευδολογίας.

472 3068 509 3131 Ρ.
528 3086 601 3152 231.
618 3067 638 3131 l.
656 3083 707 3152 25.
722 3067 845 3148 Ἐπειδὴ
859 3072 918 3150 γὰρ
933 3073 970 3133 τὸ
985 3067 1133 3154 ὀνόματα]
1150 3069 1316 3134 Perticule
1331 3074 1391 3151 γορ
1403 3071 1520 3135 obests

427 3168 546 3232 nostris
560 3168 723 3233 codicibus
739 3169 824 3234 Μαα.
841 3169 931 3234 Med.
948 3170 977 3233 F
978 3170 1032 3234 uk.
1047 3177 1081 3235 ot
1096 3169 1192 3234 Sevil.
1209 3191 1266 3233 nec
1280 3169 1423 3234 hebetur
1436 3170 1469 3233 in
1483 3169 1520 3232 in

427 3270 658 3353 terpretetione
674 3269 791 3333 Rufini.
837 3270 957 3334 Exstat
972 3277 1080 3335 tomen
1095 3270 1127 3334 in
1147 3270 1254 3333 codice
1270 3269 1375 3354 Regio
1394 3277 1430 3335 et
1447 3268 1520 3354 opud

428 3371 644 3456 Nicephorum
673 3371 706 3434 in
736 3394 805 3456 cop.
841 3392 888 3435 11.
924 3372 978 3434 lib.
1012 3371 1038 3435 Ι.
1073 3373 1231 3434 Venustus.
1284 3371 1393 3436 Abest
1422 3372 1520 3436 itidem

427 3473 494 3537 haec
521 3474 677 3558 porticulo
702 3497 722 3538 o
745 3474 843 3538 codice
866 3475 938 3538 MS.
959 3474 1098 3557 Norsolc.
1144 3473 1202 3538 cui
1229 3495 1314 3537 nuno
1337 3473 1432 3538 addit
1454 3473 1520 3536 Bue

426 3583 522 3640 tonus
550 3576 759 3639 Saciliccum.
813 3576 935 3639 Contra
957 3573 1085 3639 Euccbii
1111 3575 1221 3653 Ουτοι.
1236 3575 1360 3660 Εοοορ.
1380 3576 1455 3638 MS.
1476 3577 1520 3637 Vo-

426 3677 561 3740 tioceum
576 3676 662 3739 illem
677 3684 831 3760 praestero
847 3683 983 3740 constet.
1028 3677 1084 3739 Ad
1098 3677 1244 3758 Ιθιιγθτιυπι
1258 3676 1345 3760 quod
1361 3676 1489 3751 attinet,
1502 3673 1521 3736 is

426 3802 490 3843 non
509 3787 637 3843 tantum
652 3780 794 3843 voculam
816 3783 873 3861 γὰρ
894 3801 957 3842 non
976 3779 1118 3865 ognovit,
1134 3779 1189 3843 sed
1210 3779 1308 3843 etiem
1334 3780 1437 3858 ἐπειδὴ
1459 3800 1520 3863 neg·

426 3880 515 3944 lexit.
562 3881 673 3964 Neque
697 3883 794 3945 verbe
818 3881 871 3944 illa
894 3882 1000 3966 posuit
1024 3882 1055 3945 in
1078 3883 1195 3946 Cotem
1219 3903 1277 3944 suo
1302 3880 1335 3944 S.
1357 3882 1520 3945 Μαοατῐοο

426 3983 574 4047 Ceterum
591 3983 623 4045 in
639 3983 746 4047 codice
762 3983 922 4047 Vaticano
937 3992 1010 4068 post
1026 4005 1117 4047 voces
1132 3983 1201 4046 illes
1216 3986 1258 4049 είς
1276 3982 1364 4047 αἶνον
1386 3986 1434 4048 καὶ
1452 3989 1521 4061 tofo

425 4088 535 4166 λογίου
566 4090 707 4165 Χριστοῦ,
735 4085 858 4149 omissis
889 4085 1159 4149 intercedentibus
1188 4092 1264 4148 ente
1294 4084 1387 4161 istos,
1412 4083 1521 4158 Ἐπειδὴ

425 4189 483 4266 γὰρ
498 4190 535 4250 τὰ
549 4189 690 4264 ὀνόματα,
709 4187 847 4272 positum
862 4197 922 4263 cst,
938 4189 988 4249 ίνο
1002 4188 1055 4249 οῦν
1070 4188 1219 4249 καὶτοῦτο
1233 4188 1291 4265 μὲν
1310 4191 1365 4250 τοῦ
1384 4189 1521 4268 εἰρηκότος

427 4288 595 4369 ἐλέγξωμεν
610 4290 663 4366 τὴν
679 4290 819 4368 ἀμαθίαν,
831 4291 992 4366 παύσωμεν
1004 4291 1036 4351 δὲ
1048 4294 1100 4351 τοῦ
1110 4288 1223 4368 μηδίνο
1235 4286 1281 4351 ὑπ’
1292 4289 1418 4369 όγνοίας
1430 4291 1522 4368 ὁμοίας

426 4396 693 4469 σκονδαλισθῆνοι,
719 4392 772 4468 τὴν
797 4393 893 4469 ἀληθῆ
919 4397 977 4453 τῶν
1005 4392 1174 4471 γεγονότων
1198 4391 1334 4471 ἱστορίαν
1358 4391 1520 4469 ὶκθησομαι.

426 4517 456 4577 p.
470 4514 521 4557 20.
554 4494 720 4559 Haecvero
736 4496 777 4558 eb
789 4495 945 4558 Africano
960 4495 1105 4579 profecte
1118 4515 1185 4557 esso
1197 4515 1259 4556 non
1274 4501 1365 4577 puto.
1406 4493 1457 4557 Ex
1471 4493 1521 4556 hoc

425 4602 534 4658 temon
557 4595 665 4659 codice
687 4597 719 4658 in
745 4596 849 4658 vorbis
871 4595 1015 4681 proxime
1036 4594 1241 4680 sequentibus
1262 4594 1420 4659 insertum
1439 4594 1521 4659 veiim

426 4695 550 4778 διαδοχὴ
565 4718 623 4781 pro
638 4718 713 4760 casu
729 4697 856 4781 obliquo
872 4702 1004 4784 διαδοχῇ.

470 4798 507 4860 Ρ.
526 4798 633 4882 2321.
656 4820 683 4861 1.
704 4799 818 4883 bibero]
844 4801 942 4866 αὐτοῖς
966 4800 1083 4863 ἐδέδετο
1108 4801 1140 4863 S.
1157 4797 1301 4863 Macaria·
1322 4799 1448 4862 lnodito
1469 4801 1521 4862 Co·

424 4910 493 4965 tenc
520 4902 555 4964 ic
580 4902 765 4966 biotttoeum
790 4903 822 4965 in
848 4902 1048 4966 Bibliotheca
1074 4902 1259 4979 Bodleiano,
1282 4901 1337 4965 ubi
1363 4924 1440 4986 pers
1465 4902 1522 4964 Eu·

425 5004 555 5067 sebinno
583 5003 725 5087 epistolae
751 5005 845 5087 hujus
874 5006 974 5069 elletu
1003 5015 1062 5069 oet.
1123 5005 1214 5068 Nunc
1244 5005 1328 5067 oddo
1359 5004 1437 5068 MS.
1461 5002 1520 5064 Vas.

428 5105 532 5170 Vertit-
560 5114 593 5170 et
622 5106 764 5192 Rufinus,
797 5111 877 5171 Ουτοι
904 5109 983 5170 enim
1013 5108 1235 5171 recorrectionis
1267 5106 1352 5170 inter
1381 5128 1436 5169 cos
1465 5123 1520 5188 cpe

425 5208 549 5272 ιιοσόυυι
556 5209 667 5290 ,ἡιίιτοί
681 5220 810 5294 coopto.
850 5212 928 5275 Post
943 5220 1035 5275 extet
1050 5211 1082 5274 in
1098 5213 1157 5276 hec
1175 5212 1288 5274 θοίοπο
1303 5204 1518 5273 estiennot.
