3917 6467
459 1102 525 1164 284
782 1094 1030 1172 RELIQUIAE
1057 1091 1235 1158 SACRAE.

464 1271 522 1348 ἐπὶ
539 1265 603 1346 τόν
622 1263 751 1345 Νάθαν
769 1262 860 1343 κατὰ
877 1262 978 1364 γένος
997 1259 1270 1369 ἀναφερόμενος,
1286 1255 1514 1363 χηρεύουσαν
1530 1259 1651 1334 ἐε-

465 1401 530 1502 μέν
547 1405 610 1500 τῆς
629 1401 736 1499 αὐτῆς
761 1402 890 1506 φυλῆς,
908 1398 953 1503 ἐξ
974 1397 1096 1475 ἄλλον
1121 1395 1159 1474 δὲ
1182 1393 1307 1497 γε’νους
1331 1390 1393 1489 ὢν,
1412 1393 1462 1474 ὡς
1479 1425 1649 1494 προ-

466 1546 576 1635 εῖπον,
596 1535 818 1638 ἀγαγόμενος
836 1533 957 1633 αὐτὴν,
974 1533 1083 1638 ἔσχεν
1102 1530 1177 1613 υἱὸν
1200 1529 1265 1610 τόν
1281 1530 1387 1610 ‘Hit
1419 1531 1513 1609 nitro
1535 1530 1652 1607 ἐς

467 1670 649 1781 διαφόρων
673 1671 736 1752 δύο
759 1677 874 1772 γενῶν
903 1667 1102 1773 εὑρήσομεν
1125 1666 1189 1749 τόν
1211 1701 1252 1746 τε
1269 1663 1406 1761 Ἰακὼβ
1429 1667 1490 1744 καὶ
1513 1662 1649 1743 τὸν-

466 1808 558 1888 Ἡλὶ
577 1808 813 1910 ὁμομητρίους
831 1803 1025 1912 ἀδελφούς.
1060 1800 1149 1883 ὧνό
1174 1804 1291 1906 ἕτερος
1309 1799 1445 1897 Ἰακὼβ
1469 1798 1607 1880 ἀτέκν-
1649 1827 1662 1888 ς

468 1977 531 2024 νου
549 1951 612 2021 τοῦ
631 1945 793 2048 ἀδελφοῦ
807 1939 1089 2040 τελευιήσαντος
1101 1941 1202 2035 Ἠλὶ,
1215 1937 1281 2037 τὴν
1294 1945 1447 2040 γυναῖκα
1459 1970 1643 2039 παρο-

469 2084 605 2173 λοβὼν,
633 2076 825 2176 ἐγέννησεν
856 2075 901 2183 ἐξ
923 2076 1035 2174 αὐτῆς
1063 2075 1183 2177 τρίτον
1210 2073 1274 2152 τόν
1291 2070 1446 2179 Ἰωσήφ·
1485 2070 1643 2152 mk

469 2212 584 2319 φύσιν
607 2211 673 2312 μὲν
697 2213 819 2318 ἐαυτῷ,
839 2214 897 2291 καὶ
923 2209 1014 2290 κατὰ
1040 2208 1164 2312 λόγον·
1192 2207 1250 2288 διὸ
1277 2210 1336 2288 καὶ
1363 2207 1642 2311 ye'yparrrat‘

469 2346 604 2444 Ἰακιόβ
636 2349 673 2429 δέ
706 2348 873 2450 ἐγέννησε
905 2347 969 2428 τὸν
990 2346 1142 2454 Ἰωσήφ·
1176 2343 1268 2426 κατὰ
1300 2343 1411 2442 νόμον
1442 2343 1483 2424 δὲ
1514 2349 1644 2423 rori-¹

468 2485 560 2563 Ἠλὶ
580 2481 653 2567 υἱὸς
671 2481 728 2582 ἦν·
759 2484 878 2589 ἐκείνῳ
904 2479 976 2585 γὰρ
1003 2479 1176 2573 όἸακῶβ
1200 2476 1359 2584 ἁδελφὸς
1384 2477 1447 2576 ὧν,
1464 2479 1675 2558 (ἰνίον--ἰα

469 2652 560 2718 τησε
592 2618 750 2721 σπέρμα.
795 2615 918 2718 διόπερ
951 2617 1015 2695 οὐκ
1047 2612 1318 2718 ἀκυρωθήσετοι
1349 2613 1410 2692 καὶ
1446 2613 1470 2713 ἡ
1502 2604 1647 2693 κατ’

470 2752 580 2834 αὐτόν
613 2753 836 2854 γενεαλογίο,
871 2752 916 2851 ἣν
950 2757 1139 2835 Mardum
1170 2749 1235 2849 μέν
1267 2752 1287 2830 ό
1319 2749 1653 2852 edomentur-ipe*-

472 2890 491 2968 ἐ
537 2887 779 2991 ριθμοόμενος,
800 2885 933 2982 Ἰακὼβ
951 2885 999 2983 δέ,
1019 2889 1144 2993 φησὶν,
1158 2884 1326 2987 ἐγενιησε
1339 2882 1403 2966 τὸν
1421 2883 1655 2994 'imo-rip*

474 3022 559 3106 ὁδέ
587 3030 728 3107 Λουκᾶς
755 3020 947 3104 ἀνάπαλιν·
982 3020 1021 3107 ὃς
1048 3019 1093 3120 ἦν
1121 3020 1203 3118 υἱὸς,
1225 3024 1273 3105 ὦς
1299 3021 1476 3125 ἐνομίζετο
1508 3016 1660 3120 (ηιξ

474 3157 547 3264 γὰρ
575 3163 634 3240 καὶ
661 3168 766 3239 τοῦτο
793 3160 1030 3266 προστίθησι)
1061 3166 1125 3237 τοῦ
1142 3155 1294 3262 Ἰωσὴφ,
1314 3165 1377 3237 τοῦ
1395 3157 1501 3254 Ἠλὶ,
1519 3150 1675 3237 roffi

476 3297 610 3400 Μελχί·
644 3294 709 3393 τὴν
726 3294 797 3398 γὰρ
816 3292 907 3373 κατὰ
925 3292 1037 3391 νόμον
1057 3293 1210 3394 γε’νεσιν,
1229 3290 1493 3396 ἐπισημότερον
1519 3295 1660 3374 0155

476 3429 521 3531 ἦν
552 3431 713 3537 ἐξειπεῖν·
752 3433 811 3509 καὶ
839 3428 881 3508 τό
902 3429 1093 3531 ἐγέννησεν
1116 3429 1173 3507 ἐπὶ
1196 3431 1260 3525 τῆς
1282 3431 1429 3507 τοιοῖσδε
1449 3434 1658 3509 παιδο-κ

477 3565 595 3650 ποιΐας
633 3565 717 3669 ἄχρι
753 3565 880 3649 τέλους
916 3564 1114 3663 ἐσιώπησε,
1149 3560 1215 3660 τὴν
1249 3561 1438 3668 ἀναφορὰν
1473 3598 1577 3664 ποιη-

479 3784 558 3844 tribu
576 3781 626 3839 sed
646 3780 759 3838 diversa
779 3779 888 3836 familia
907 3777 1004 3836 editus
1055 3778 1115 3837 tilis
1131 3778 1380 3854 deprehendetur:
1399 3799 1487 3856 quam
1501 3780 1580 3837 Mat·

479 3875 566 3930 esset,
577 3873 611 3919 ut
626 3873 711 3918 antea
722 3859 867 3927 diximum
883 3879 1003 3916 uxorem
1056 3860 1149 3916 thaeus
1166 3859 1282 3933 quidem
1301 3880 1463 3927 recensens,
1477 3859 1580 3928 Jacob,
1660 3862 1675 3900 ²*

480 3965 542 4004 eam
573 3942 702 4006 sortitus,
730 3940 798 3998 Heli
824 3940 915 3997 filium
941 3959 1004 3996 aus·
1055 3939 1160 4017 inquit,
1182 3939 1285 4015 genuit
1312 3939 1434 4016 Joseph.
1487 3941 1590 3999 Lucas

481 4024 568 4103 cepit.
607 4024 670 4079 Hoc
684 4021 771 4078 modo
785 4021 877 4078 Jacob
891 4031 920 4078 et
936 4019 1004 4077 Heli
1057 4040 1125 4077 vero
1146 4040 1162 4077 e
1185 4021 1329 4077 contrario
1349 4040 1366 4078 a
1387 4020 1457 4077 filiis
1475 4021 1513 4080 ad
1532 4041 1581 4100 pa·

481 4105 550 4163 lieet
575 4102 689 4160 diverso
711 4121 817 4178 genere
840 4111 1004 4179 prognatos,
1056 4110 1154 4158 rentes
1167 4100 1331 4160 ascendens.
1361 4100 1459 4167 Jesus,
1474 4102 1582 4179 inquit,

479 4182 912 4258 uterinosfratresreperiemns.
924 4179 1006 4250 Quo·
1057 4180 1106 4257 qui
1128 4192 1201 4243 erat.
1217 4191 1251 4237 ut
1272 4181 1441 4258 putabatur,
1461 4182 1532 4252 (hoe
1552 4201 1581 4240 e·

479 4284 544 4324 rum
570 4263 652 4328 alter,
676 4262 771 4319 Jacob
793 4260 914 4327 scilicet,
940 4280 1005 4317 cum
1058 4262 1116 4317 nim
1137 4262 1245 4320 diserte
1263 4260 1357 4333 addit)
1373 4260 1452 4320 filius
1470 4262 1581 4338 Joseph
1652 4260 1675 4318 2⁵

481 4346 572 4404 frater
586 4343 677 4419 ipsius
689 4342 757 4399 Heli
775 4341 837 4400 sine
848 4341 946 4399 liberis
956 4339 1007 4397 de·
1058 4341 1108 4418 qui
1132 4342 1191 4401 fuit
1212 4341 1293 4405 Heli.
1306 4342 1357 4417 qui
1379 4341 1438 4400 fuit
1460 4342 1582 4401 Melchi.

482 4425 624 4489 cessisset,
641 4422 756 4480 viduam
772 4422 835 4497 ejus
854 4420 1007 4497 conjugem
1059 4421 1165 4498 Neque
1193 4422 1268 4480 enim
1298 4432 1412 4499 poterat
1445 4422 1583 4481 disertius

482 4505 536 4565 sibi
553 4504 705 4582 accipiens,
721 4502 839 4560 tertium
855 4522 891 4560 ex
906 4521 940 4557 ea
954 4500 1008 4557 Jo-
1058 4502 1180 4580 exprimi
1212 4501 1317 4560 ficticia
1347 4501 1398 4560 illa
1424 4503 1583 4578 generandi

483 4585 604 4664 sephum
677 4583 731 4648 uit,
747 4581 871 4640 naturali
887 4581 1006 4658 quidem
1058 4584 1132 4640 ratio
1150 4603 1215 4659 quse
1233 4601 1269 4640 ex
1291 4581 1355 4660 lege
1376 4584 1509 4660 profecta
1529 4594 1582 4643 est.

484 4664 802 4723 rationediumsuunr.
824 4661 1007 4721 Undeetiam
1059 4662 1130 4720 Ideo
1164 4663 1192 4720 in
1225 4661 1392 4738 hujusmodi
1424 4662 1582 4723 liberorum
1606 4663 1663 4727 2⁰

483 4745 623 4825 scriptum
642 4753 704 4801 est:
730 4743 822 4800 Jacob
840 4754 937 4800 autem
957 4762 1007 4817 ge·
1058 4745 1253 4820 generatione,
1276 4743 1396 4801 verbum
1423 4743 1509 4813 illud,
1534 4764 1584 4823 ge·

484 4824 679 4902 nuitJoseph.
718 4822 778 4881 Sed
792 4821 1008 4881 secundumle·
1058 4824 1133 4891 nuit,
1155 4823 1191 4882 ad
1217 4823 1303 4881 finem
1331 4843 1424 4900 usque
1454 4825 1582 4891 reticuit,

482 4925 549 4985 gem
564 4903 642 4961 filius
656 4902 926 4981 eratHeli‚quippe
940 4921 1007 4959 curn
1058 4923 1123 4960 cum
1146 4903 1298 4981 adipsum
1320 4923 1413 4980 usque
1429 4904 1582 4974 cidamum,

482 4985 511 5045 ei
526 5004 624 5044 semen
638 4983 766 5042 Jacobus
780 4983 870 5040 frater
886 4981 1008 5039 suscita.
1058 4983 1108 5059 qui
1137 4983 1195 5042 fuit
1224 4982 1290 5051 Dei,
1312 4983 1456 5062 gradatim
1487 5005 1582 5045 aseen-

483 5065 582 5125 visset.
621 5064 749 5122 Proinde
764 5083 817 5121 nec
830 5062 945 5139 generis
957 5082 1008 5139 per
1058 5063 1164 5131 dendo,
1176 5064 1267 5123 totius
1277 5065 1393 5141 generis
1403 5066 1509 5124 seriem
1520 5085 1581 5146 per·
1591 5073 1627 5137 35

482 5164 550 5203 eum
565 5144 689 5204 deducta
704 5144 801 5209 series,
818 5162 889 5200 rann
899 5162 940 5199 ac
959 5142 1007 5199 fu.
1059 5142 1200 5202 duxisset.
