3917 6467
430 1077 493 1144 172
805 1069 1155 1135 ANNOTATlONES
1203 1088 1206 1095 ·

425 1247 522 1312 fitiari
538 1268 630 1310 nemo
645 1253 762 1332 potest.
811 1242 977 1307 Mortuum
997 1250 1105 1306 autem
1122 1264 1193 1306 esse
1213 1240 1312 1304 videri
1328 1238 1514 1304 Clementem

426 1357 503 1414 ante
525 1350 744 1436 episcopatum
766 1347 943 1411 Alexandri
968 1345 1295 1429 Hierosolymitanum
1320 1343 1368 1407 ait
1396 1342 1517 1406 Pearso

424 1452 505 1530 nius,
519 1452 672 1516 Vindieiis
682 1453 783 1536 [ροισι.
794 1473 825 1535 p.
840 1471 864 1513 1.
874 1472 980 1536 eapx.
1001 1449 1025 1511 J
1027 1470 1083 1512 ure
1092 1468 1216 1532 quoque
1227 1444 1371 1510 Valesius
1380 1444 1516 1530 putabat

425 1556 508 1620 hanc
519 1555 686 1640 epistolam
701 1552 863 1637 scripsisse
875 1551 1090 1615 Alexandrum
1105 1549 1238 1613 necdum
1253 1549 1295 1612 ad
1311 1548 1519 1633 episcopatum

428 1658 722 1742 Hierosolymorum
737 1655 906 1719 adscitum.
938 1654 982 1718 Et
998 1674 1178 1737 quanquam
1193 1676 1233 1716 ex
1249 1651 1472 1736 Hierosolyma
1483 1650 1520 1714 ab

427 1761 538 1824 eodem
558 1760 688 1824 missam
702 1779 770 1822 esse
790 1756 906 1821 statuit
926 1755 1039 1821 (larius
1056 1755 1089 1818 in
1105 1755 1168 1820 l'it.
1186 1757 1218 1818 S.
1229 1755 1413 1832 Clementis,
1428 1753 1485 1817 vol.
1495 1753 1521 1816 1.

434 1863 508 1925 Vin.
520 1863 593 1924 PP.
608 1884 639 1946 p.
657 1864 726 1944 196.
749 1883 800 1924 res
822 1881 886 1923 non
908 1859 955 1922 ita
977 1881 1011 1922 se
1033 1859 1148 1922 habere
1170 1858 1305 1935 videtur,
1320 1856 1523 1942 siquidomin

426 1963 566 2039 vinculis,
582 1964 642 2027 hoo
657 1970 716 2040 est,
733 1969 905 2046 antequam
921 1959 1178 2045 Hierosolymam
1192 1960 1327 2035 adierat,
1345 1959 1525 2023 Alexander

427 2065 513 2129 illam
537 2065 673 2151 scripsit.
719 2064 858 2148 Propter
879 2062 962 2125 enim
988 2060 1126 2147 priorem
1151 2062 1210 2126 sub
1233 2062 1349 2126 Severo
1371 2059 1446 2125 fidei
1464 2083 1525 2125 aaa

427 2169 666 2248 confessionem,
697 2168 743 2232 uti
779 2176 919 2233 testatur
947 2167 1116 2243 Eusebius,
1150 2166 1316 2251 episcopus
1346 2163 1525 2249 Hierosoly·

429 2271 569 2336 mitanas
580 2270 774 2334 constitutus
789 2276 848 2343 est,
863 2269 957 2353 idque
969 2269 1080 2332 statim
1095 2277 1168 2354 post
1183 2267 1250 2353 ejus
1260 2266 1303 2331 ad
1313 2267 1427 2331 urbem
1442 2288 1526 2331 sanc

428 2381 497 2437 tam
518 2373 700 2449 adventum,
726 2394 819 2456 quem
841 2370 1012 2456 contigisse
1037 2372 1212 2456 imperante
1234 2369 1401 2436 Caracalla
1424 2369 1526 2434 Severi

429 2472 503 2549 filie,
525 2497 634 2538 omnes
651 2474 864 2538 consentiunt.
910 2473 1053 2557 Regente
1077 2473 1202 2557 quidem
1223 2472 1333 2549 Decio,
1349 2471 1527 2536 Alexander

429 2576 560 2640 vinculis
574 2577 690 2640 iterum
700 2575 891 2640 constrictus
901 2584 959 2651 ost,
970 2576 1026 2638 sed
1038 2575 1091 2637 diu
1107 2584 1180 2660 post
1192 2574 1391 2660 Asclepiadis
1403 2573 1526 2638 ordina·

430 2676 559 2753 tionem,
571 2676 610 2739 de
624 2699 687 2760 qua
699 2676 749 2739 ha
761 2677 877 2740 litterae
892 2675 1076 2759 loquuntur.
1102 2677 1250 2741 Ceterum
1262 2677 1360 2740 habet
1368 2677 1417 2741 ed.
1429 2676 1527 2761 Slqu.

428 2778 483 2856 τὴν
497 2784 549 2841 τοῦ
572 2783 702 2856 Χριστοῦ
725 2780 887 2857 ἐκκλησίαν
909 2799 967 2862 pro
982 2778 1037 2856 τὴν
1058 2784 1109 2841 τοῦ
1133 2780 1241 2859 Κυρίου
1261 2781 1284 2841 ἕ.
1308 2800 1376 2864 prae
1397 2800 1432 2842 se
1449 2778 1528 2842 ferre

428 2887 536 2944 autem
551 2885 604 2943 τοῦ
621 2885 703 2944 Θεοῦ
722 2881 863 2963 Iinfinnm
883 2888 980 2965 atque
996 2880 1209 2965 Mceplorum,
1225 2890 1333 2944 monet
1353 2880 1527 2954 Strothius,

428 2981 479 3045 cui
496 2981 589 3045 lectio
605 2981 667 3045 ista
678 2982 799 3066 optima
812 2982 945 3046 videtur.
991 2981 1054 3046 Sed
1070 3005 1167 3046 unum
1179 3005 1217 3046 ex
1232 2983 1391 3047 Vaticanis
1401 2984 1530 3048 Musca

428 3084 539 3170 Rnfini
553 3083 670 3147 habere
679 3084 807 3147 Domini
817 3085 957 3148 Cacoiari
973 3092 1124 3161 testatur,
1139 3086 1224 3170 quod
1238 3093 1272 3150 et
1286 3093 1423 3170 praestat
1432 3087 1529 3151 codex

429 3186 535 3250 Rufini
558 3208 654 3270 penes
674 3207 725 3249 me
749 3187 989 3251 vetustissimus.
1035 3187 1138 3252 Porro
1163 3188 1376 3275 eum'Valesii
1400 3190 1530 3254 musta

431 3290 680 3372 Hieronynooque
695 3289 897 3352 consentiunt
916 3289 976 3351 mei
999 3289 1081 3366 libri,
1097 3290 1149 3373 qui
1165 3297 1240 3354 sunt
1254 3290 1344 3353 Bodl.
1360 3313 1418 3354 scu
1432 3290 1528 3356 Saoil.

429 3399 462 3455 et
471 3390 610 3475 Norfolo.
634 3390 664 3452 N
666 3413 726 3453 unc
741 3390 832 3454 addit
844 3413 952 3454 omnes
967 3392 1091 3455 codices
1105 3396 1136 3455 in
1149 3392 1286 3477 gratiam
1297 3415 1388 3457 suum
1400 3393 1530 3458 collatos

429 3493 591 3556 Burtonus
602 3501 720 3577 praeter
731 3492 839 3555 Paria.
851 3513 877 3555 1.
902 3492 985 3555 Illud
1002 3495 1053 3556 τοῦ
1066 3496 1223 3557 Δεσπότοο
1237 3495 1333 3559 vertit
1344 3497 1409 3559 Dei
1420 3496 1530 3560 Hiero

430 3617 542 3679 nymus
562 3597 612 3658 De
635 3595 719 3658 Viris
739 3595 794 3658 Ill.
816 3618 1031 3679 capxxxvm.
1055 3596 1086 3659 in
1108 3597 1370 3681 interpretatione
1384 3620 1444 3662 sua
1462 3619 1529 3683 quae

429 3698 573 3781 sequitur
589 3697 755 3760 verborum
771 3697 955 3761 Alexandri.
1003 3699 1082 3761 Hoec
1096 3697 1185 3774 οοόἱο,
1202 3700 1330 3762 Domini
1349 3722 1387 3763 no
1401 3702 1530 3783 fratres,

428 3799 543 3884 οοκίριο
555 3800 713 3863 truncamini
727 3822 788 3884 ρον
805 3800 977 3863 Olerrnntnu
1000 3799 1115 3863 beatum
1130 3800 1349 3883 presbyterum,
1368 3804 1471 3866 cirum
1492 3803 1529 3867 it

429 3901 553 3966 lustrem
569 3911 595 3964 el
610 3901 772 3986 probatum
784 3926 798 3974 ,·
820 3924 906 3986 quom
928 3923 977 3965 oon
995 3925 1107 3986 quoqne
1120 3903 1203 3965 coit-ic
1216 3912 1244 3966 et
1260 3925 1340 3965 nano
1347 3903 1475 3988 plonius
1488 3926 1530 3968 re·

429 4006 621 4089 οοροοοοοῑὶος
648 4004 701 4088 qni
720 4027 786 4068 ouon
805 4004 861 4067 lonc
879 4005 1009 4076 venisset,
1022 4005 1116 4087 juata
1129 4005 1359 4089 prouidentiam
1381 4015 1410 4069 et
1429 4009 1530 4071 οἰκέτο-

429 4108 538 4170 tionem
554 4107 612 4169 Dei
626 4107 814 4189 confirmauit
828 4117 855 4170 ct
869 4107 957 4170 auoit
970 4107 1098 4170 Domini
1112 4107 1275 4170 ecclesiam.

476 4209 512 4271 l’.
529 4211 597 4271 166.
611 4208 629 4270 l.
647 4230 694 4271 10.
710 4208 891 4284 Ἀσπάζεται
903 4212 976 4288 ὑμᾶς
989 4210 1161 4290 Νάρκισσος
1171 4211 1244 4295 dec]
1257 4210 1418 4275 Praemisit
1433 4210 1530 4275 Euse-

430 4309 512 4383 biu8‚
528 4313 717 4388 Μνημονεύει
738 4311 821 4391 γέτοι
836 4313 884 4373 καὶ
903 4311 990 4377 αὐτὸς
1006 4314 1022 4373 ὁ
1037 4310 1235 4392 Ἀλέξανδρος
1250 4315 1284 4375 ἐν
1304 4315 1391 4380 ἰδίοις
1411 4317 1529 4378 ἔπιστο·

430 4417 498 4477 Auis
513 4418 575 4476 τοῖς
598 4413 671 4490 πρὸς
687 4411 886 4479 Ἀντινοείτας
906 4414 1000 4476 εἰσέτι
1024 4418 1077 4476 νῦν
1097 4415 1165 4494 παρ’
1184 4416 1254 4492 ἡμῖν
1274 4416 1465 4495 σωζομένοις,
1482 4422 1531 4495 τῆς

431 4517 606 4594 Ναρκίσσου
622 4516 678 4577 σὺν
692 4516 770 4599 αὐτῷ
785 4517 948 4595 προεδρίας,
965 4521 1056 4578 ταῦτα
1071 4521 1145 4578 κατὰ
1159 4517 1244 4595 λέξιν
1256 4520 1305 4581 ἐπὶ
1315 4518 1397 4582 τέλει
1407 4520 1531 4601 γράφον

364 4634 368 4641 “
430 4619 482 4692 τῆς
497 4617 585 4694 αὐτῆς
601 4619 768 4695 ἐπιστολῆς.
806 4616 1049 4681 ἈΣΠΑΣΕΤΑΙ
1067 4621 1141 4696 ὑμᾶς
1159 4621 1332 4700 Νάρκισσος
1346 4621 1403 4684 &o
1451 4625 1530 4686 Sane

431 4717 511 4781 idem
533 4718 710 4782 Alexander
731 4720 765 4782 in
785 4721 848 4783 suis
869 4720 914 4783 nd
933 4722 1110 4784 Antirwitas
1130 4723 1260 4806 ιριζοτοίἱι
1282 4745 1349 4807 qnoe
1367 4725 1531 4787 etiamnum

430 4829 555 4896 enatant,
576 4821 758 4905 episcopatuo
780 4844 865 4907 quem
886 4845 953 4886 oum
975 4825 1122 4888 Narcisso
1145 4826 1253 4910 collegia
1275 4827 1376 4910 ysoni,
1397 4827 1530 4890 mannil

430 4920 478 4985 lic
500 4921 596 4985 corbis
620 4945 687 5007 qnoe
708 4924 753 4986 nd
774 4924 883 4987 calcent
907 4926 1039 5009 apostolor
1062 4927 1209 5012 lcpnntnr.
1242 4927 1454 4992 SALUTAT
1476 4951 1529 4993 vos

433 5020 600 5086 Narcissus
619 5025 674 5087 &c
721 5025 805 5104 Quid
823 5025 896 5089 velit
918 5027 1015 5104 istud,
1033 5031 1066 5091 ἐν
1086 5037 1150 5096 τοῖς
1172 5030 1257 5095 ἰδίοις
1277 5032 1453 5099 ἐπιστολαῖς
1469 5038 1530 5098 τοῖς

431 5125 504 5203 πρὸς
518 5125 729 5204 Ἀντινοείτος,
744 5151 828 5191 cons.
845 5136 954 5193 notam
969 5153 1066 5214 supra
1077 5133 1119 5195 ad
1134 5133 1365 5216 Hieronymum
1377 5135 1426 5198 De
1447 5135 1530 5231 Viris
