3917 6467
503 1088 568 1150 302
827 1089 1076 1167 RELIQUIAE
1100 1089 1278 1154 SACRAE.

503 1251 636 1346 κοστής
655 1250 774 1350 τρίτης
792 1247 860 1327 ἔτει
876 1245 1045 1355 τετάρτῳ,
1056 1251 1113 1328 ἐπὶ
1131 1257 1259 1329 τοῦτον
1276 1247 1341 1329 τὸν
1358 1250 1486 1354 χρόνον
1497 1246 1566 1348 inin

503 1380 1570 1487 Ὀλυμπιάδοςδιακοσιοστήςδεντέραςέτοςδεαίτερον,Τιβερίοι

503 1516 541 1597 δέ
562 1519 746 1619 Καίσαρος
764 1519 949 1620 ἡγεμονίας
968 1519 1046 1604 ἔτος
1059 1519 1314 1618 ἑκκαιδέκατον,
1327 1520 1390 1619 ἔτη
1408 1518 1574 1621 συνάγεται

502 1651 713 1754 τετρακόσια
741 1650 986 1751 ἐβδομήκοντα
1012 1652 1127 1733 πέντε.
1163 1650 1254 1755 άπερ
1271 1651 1453 1755 Ἑβραϊκὰ
1478 1687 1577 1756 τετρα

501 1785 608 1866 κόσια
645 1785 871 1885 ἐννενήκοντα
907 1788 967 1886 ἔτη
1005 1788 1147 1890 γίνεται,
1176 1787 1266 1868 κατὰ
1298 1786 1363 1869 τὸν
1393 1796 1596 1889 σεληναίας

502 1922 634 2024 δρόμον
652 1920 733 2004 τοὺς
751 1920 928 2005 ἐνιαυτοὺς
945 1924 1085 2002 ἐκείνων
1097 1922 1420 2028 ἐξαριθμουμένων,
1437 1923 1478 2007 ὅς
1490 1927 1581 2018 ἐστιν,

501 2058 550 2139 ὦς
580 2056 769 2161 πρόχειρον
806 2063 923 2153 εἰπεῖν,
955 2059 1096 2159 ἡμερῶν
1129 2060 1343 2159 τριακοσίων
1380 2057 1585 2157 πεντήκοντα

500 2192 702 2295 τεσσάρων·
721 2201 785 2271 τοῦ
803 2192 952 2290 ἡλιακοῦ
966 2191 1099 2271 κύκλον
1112 2188 1332 2296 ὑπάρχοντος
1345 2192 1491 2297 ἡμερῶν
1504 2228 1584 2296 τριο-

500 2329 633 2407 κοσίων
647 2326 820 2434 ἑξήκοντα
833 2327 951 2418 πέντε,
969 2327 1149 2431 τετάρτου,
1161 2327 1227 2428 τήν
1239 2325 1310 2432 γὰρ
1329 2327 1424 2409 κατὰ
1441 2327 1588 2428 σελήνην

500 2462 747 2563 δωδεκάμηνον
763 2464 1024 2566 παραλλάσσει
1042 2463 1185 2567 ἡμέραις
1203 2464 1326 2542 ἕνδεκα
1351 2468 1413 2544 καὶ
1431 2464 1629 2573 τετάρττρ.10

499 2595 557 2675 διὰ
587 2604 692 2675 τοῦτο
718 2600 776 2676 καὶ
789 2594 970 2696 Ἕλληνες
998 2601 1057 2675 καὶ
1076 2599 1238 2676 Ἰουδαῖοι
1269 2604 1362 2700 τρεῖς
1392 2603 1509 2698 μῆνας
1538 2601 1589 2696 ἐμ

498 2730 672 2825 βολίμοος
690 2729 807 2808 ἔτεσιν
824 2727 918 2809 ὀκτὼ
936 2728 1274 2832 παρεμβάλλουσιν·
1303 2731 1447 2815 ὀκτάκις
1466 2730 1537 2835 γάρ
1551 2731 1590 2810 τὰ

498 2861 621 2941 ἕνδεκα
649 2867 707 2942 καὶ
733 2862 902 2964 τέταρτον
928 2871 1024 2943 ποιεῖ
1047 2865 1225 2966 τρίμηνον.
1252 2862 1299 2943 τὰ
1327 2867 1449 2944 τοίνυν
1476 2899 1590 2967 τετρα

499 2996 605 3075 κόσια
642 2995 886 3096 ἑβδομήκοντα
921 2998 1025 3077 πέντε
1062 2998 1133 3097 ἐτη,
1167 3000 1409 3100 ὀκταετηρίδες
1440 3001 1590 3102 γίνονται

497 3129 718 3229 πεντήκοντα
747 3131 856 3228 ἐννέα,
883 3135 941 3211 καὶ
969 3137 1090 3232 μήνεις
1116 3141 1208 3236 τρεῖς
1237 3135 1311 3233 (cor.
1338 3135 1400 3234 έτη
1431 3138 1513 3238 τρία
1536 3157 1588 3216 vid.
1602 3179 1627 3236 ¹5

498 3272 628 3369 notam).
660 3268 707 3346 ὡς
731 3265 801 3363 (for.
826 3271 904 3366 τοῦ)
934 3265 1104 3367 τριμήνου
1129 3266 1167 3344 δέ
1190 3268 1391 3366 ἐμβολίμου
1417 3274 1463 3373 τῇ
1488 3272 1588 3349 ὀκτα-

498 3399 573 3503 ετίᾳ
587 3400 773 3499 γινομένης
794 3402 868 3498 (cor.
889 3400 1090 3506 γινομένου)
1111 3402 1171 3502 έτη
1192 3404 1451 3501 πεντεκαίδεκα,
1462 3407 1591 3507 ὀλίγων

497 3532 636 3633 ήμερῶν
663 3534 896 3627 ἀποδεόντων,
921 3534 1114 3635 γίγνονται.
1142 3544 1255 3614 ταῑττα
1284 3536 1321 3616 δέ
1349 3537 1440 3640 πρὸς
1473 3541 1544 3639 (for.
1566 3546 1591 3617 ei

496 3672 662 3770 προσθῇς
681 3680 833 3768 viduor.)
859 3675 932 3750 τοῖς
959 3671 1200 3770 τετρακοσίοις
1225 3669 1471 3770 ἐβδομήκοντα
1494 3674 1592 3754 πέντε

497 3805 623 3897 ἐτεσιν,
643 3807 678 3880 ui
698 3801 942 3901 ἑβδομήκοντα
961 3803 1153 3900 ἑβδομάδες
1172 3814 1441 3885 συντελοῦνται.
1602 3842 1633 3879 20

497 4012 737 4082 sextusdecimus,
750 4013 816 4070 anni
829 4026 1022 4071 numerantur
1074 4014 1178 4092 perari.
1214 4014 1326 4071 Idcirco
1341 4025 1371 4071 et
1386 4015 1482 4072 Greci
1497 4015 1593 4074 etJu.

498 4092 701 4170 quadringenti
725 4093 912 4171 septuaginta
935 4094 1022 4169 quin.
1073 4094 1126 4151 daei
1152 4104 1251 4152 ternos
1275 4092 1460 4152 intercalares
1483 4115 1594 4152 menses

498 4192 565 4250 que,
583 4173 632 4248 qui
654 4173 796 4231 Hebraica
814 4174 926 4231 ratione
947 4173 1022 4231 fiunt
1072 4186 1175 4232 octavo
1202 4174 1307 4250 cuique
1334 4192 1411 4230 anno
1441 4173 1592 4250 adjiciunt.

498 4252 703 4330 quadringenti
715 4254 888 4330 nonaginta:
908 4263 1021 4331 utpote,
1074 4254 1192 4311 Etenim
1215 4254 1239 4310 si
1264 4253 1395 4311 undenos
1417 4272 1483 4310 cum
1511 4256 1595 4312 unius

499 4351 565 4390 curn
580 4330 623 4387 iili
642 4331 677 4388 ad
699 4352 814 4390 cursum
836 4332 912 4389 lunoe
932 4352 1023 4390 annos
1072 4345 1154 4411 parte
1174 4344 1278 4410 quarta
1300 4332 1391 4390 octies
1415 4333 1633 4411 repetiveris,r5

499 4423 667 4489 computare
690 4412 900 4478 consueverint,
915 4422 949 4469 ut
969 4413 1022 4470 hac
1074 4413 1161 4470 trium
1194 4413 1336 4471 meusium
1370 4413 1498 4491 spatium
1528 4434 1594 4470 con-

500 4492 612 4548 ratione
636 4512 729 4549 annus
753 4493 809 4560 sit;
840 4492 917 4567 quod
941 4491 1021 4548 dictu
1073 4492 1161 4550 ficies.
1196 4492 1410 4568 Quadringenti
1426 4492 1518 4568 igitur
1531 4513 1592 4570 sep

500 4570 585 4629 facile
609 4582 662 4639 est,
686 4570 798 4629 dierum
823 4581 1021 4629 trecentorum
1073 4573 1207 4649 tuaginta
1220 4573 1348 4648 quinque
1367 4571 1445 4635 anni,
1461 4573 1594 4630 octennis

499 4650 710 4727 quinquaginta
724 4663 858 4727 quatuor.
889 4651 1021 4709 Cnmta.
1073 4652 1200 4709 reddunt
1214 4651 1425 4728 quinquaginta
1442 4671 1546 4709 norem
1565 4663 1594 4710 et

500 4749 565 4787 men
581 4729 681 4787 solaris
695 4750 796 4788 cursus
810 4730 872 4787 dies
890 4732 1022 4788 conficiat
1073 4751 1163 4788 annos
1177 4741 1315 4809 proeteraa
1331 4742 1399 4788 tres.
1436 4731 1513 4787 Cum
1528 4750 1593 4788 vero
1602 4749 1635 4805 30

500 4819 645 4866 trecentos
656 4811 805 4883 sexaginta
815 4810 944 4886 quinque
955 4830 1021 4867 cum
1073 4821 1175 4868 octavo
1193 4811 1298 4886 cuique
1317 4830 1393 4868 anno
1411 4810 1488 4867 terni
1508 4811 1592 4868 inter·

501 4888 588 4945 unius
602 4888 658 4945 diei
672 4901 753 4966 parte
764 4901 873 4964 (incrta.
905 4890 952 4945 Ex
964 4909 1023 4965 quc
1074 4891 1205 4947 calentnr
1228 4909 1349 4955 menses,
1364 4889 1519 4947 coniicitur
1542 4910 1591 4946 an·

500 4967 742 5045 apparetlunares
751 4989 851 5027 cursus
861 4969 1022 5032 duodecim,
1074 4989 1176 5026 norum
1203 4989 1250 5026 xv.
1274 4989 1395 5037 summa,
1420 4969 1521 5045 paucis
1544 4969 1592 5026 de-

500 5047 536 5103 ab
564 5067 623 5103 nno
651 5047 735 5104 solari
764 5068 860 5112 cursu,
885 5048 1020 5106 undecim
1073 5050 1175 5106 tractis
1189 5049 1297 5106 diebus.
1327 5050 1409 5118 Quos
1420 5048 1444 5105 si
1456 5047 1493 5106 ad
1506 5049 1594 5124 quad·

500 5124 602 5184 diebus
619 5138 649 5184 et
667 5140 770 5202 quarta
789 5128 876 5185 unius
895 5127 952 5185 diei
973 5147 1020 5184 su·
1073 5129 1221 5205 ringentes
1248 5128 1434 5205 septuaginta
1464 5128 1631 5204 quinque35
