3917 6467
416 1095 481 1162 162
792 1094 824 1159 S.
843 1091 1147 1158 ALEXANDER.

419 1270 607 1362 completa,
625 1279 666 1340 nt
689 1270 856 1362 praedicta
879 1270 1004 1351 fuerat,
1021 1268 1159 1339 cunctis
1181 1266 1218 1335 in
1244 1263 1502 1355 Palestinaepi-
1562 1262 1563 1287 ¹

419 1393 531 1484 scopis
562 1393 599 1461 in
629 1416 740 1461 unum
771 1393 1003 1486 congregatis,
1034 1391 1246 1461 eadnitente
1276 1407 1419 1480 quoqne
1445 1386 1504 1478 ipso

421 1514 477 1587 vel
494 1516 653 1586 maxime
673 1512 850 1596 Narcisso,
870 1512 1202 1606 Hierosolymitanae
1214 1509 1373 1581 ecclesias
1385 1531 1507 1578 cuneo

419 1638 698 1733 gubernaculum
725 1638 891 1730 suscepit.
940 1633 1041 1707 ‘¹Hic
1067 1637 1104 1706 in
1132 1635 1204 1704 fine
1233 1633 1418 1725 cujusdam
1448 1633 1510 1724 epi·

421 1762 532 1844 stolae,
551 1785 656 1854 quam
681 1762 802 1831 scribit
823 1762 865 1830 ad
888 1760 1096 1830 Antinoites
1117 1750 1223 1851 super
1245 1779 1333 1850 pace
1355 1755 1513 1835 eoelesiae,

421 1889 491 1958 ait:
517 1884 655 1958 Salutat
679 1908 736 1956 cos
759 1883 955 1968 Narcissus,
974 1885 1036 1978 qui
1060 1892 1139 1954 nate
1164 1906 1217 1952 mc
1241 1879 1299 1952 hic
1324 1879 1435 1951 tenuit
1455 1879 1516 1974 epi·

421 2008 587 2104 scapulam
605 2007 725 2090 iocum,
743 2017 775 2080 et
792 2033 884 2080 auae
900 2033 1030 2080 nucum
1043 2007 1185 2079 madero
1198 2004 1415 2078 orationibus
1428 2005 1518 2101 repit,

422 2157 531 2204 nanos
548 2141 650 2204 actus
670 2132 809 2203 circiter
834 2142 966 2203 centum
994 2130 1149 2214 sedecim,
1167 2140 1199 2202 et
1214 2153 1272 2201 cos
1297 2153 1429 2199 mecum
1446 2151 1521 2222 pre·

423 2266 531 2339 cetur,
545 2266 583 2328 ut
599 2281 705 2327 unum
719 2256 875 2350 idemque
887 2257 1042 2352 sopiatis.
1062 2256 1206 2343 (Euseb.
1223 2255 1268 2324 vi.
1285 2258 1360 2343 11.)
1380 2253 1522 2346 Scripsit

424 2392 462 2452 ct
480 2381 583 2452 aliam
608 2381 653 2451 ad
670 2380 932 2451 Antiochenses
954 2403 1018 2473 per
1035 2380 1258 2450 Clementem
1281 2377 1522 2470 presbyterum

425 2504 663 2586 Alexandria,
682 2505 814 2595 dequo
837 2525 942 2595 supra
964 2504 1119 2574 diximus
1137 2505 1227 2595 (cap.
1242 2505 1338 2593 38.);
1364 2524 1434 2571 nec
1456 2522 1522 2570 non

425 2631 468 2701 ad
487 2628 690 2722 Origenem,
709 2637 767 2697 eet
784 2651 847 2720 pro
865 2626 1022 2721 Origene
1038 2637 1162 2698 contra
1180 2625 1407 2696 Demetrium
1422 2647 1432 2707 ;
1463 2619 1526 2693 feo

426 2800 503 2876 quod
525 2799 618 2878 possis
630 2799 718 2857 etiam
739 2798 776 2857 de
797 2798 967 2857 Alexandro
987 2798 1137 2876 accipere:
1160 2817 1225 2855 nam
1245 2797 1402 2874 utriusque
1419 2795 1526 2854 mentio

427 2896 582 2974 precessit.
624 2895 684 2955 Sed
697 2897 791 2955 fateor
804 2895 1027 2975 probabiliorem
1047 2895 1120 2952 mihi
1137 2893 1228 2952 videri
1248 2893 1426 2972 Hieronymi
1440 2893 1526 2951 inter·

427 2992 629 3071 pretationem.
651 2991 837 3050 Fasnrcrus.
881 2993 926 3051 De
941 2991 1081 3051 Narcisso
1096 2992 1222 3049 Rufinus
1239 3009 1357 3067 quoqne
1378 2990 1467 3048 verba
1478 3008 1527 3046 cx-

428 3088 520 3167 ponit,
536 3087 587 3145 lib.
600 3088 637 3144 vi.
654 3090 727 3145 Hert.
743 3109 805 3167 cap.
819 3089 847 3145 8.

467 3195 478 3220 ⁶
493 3183 561 3242 Hoc
574 3205 632 3240 non
647 3183 763 3242 disertis
778 3185 872 3243 verbis
886 3184 986 3250 tradit,
1001 3184 1051 3243 sed
1072 3185 1175 3262 utique
1193 3183 1418 3262 intelligendum
1434 3182 1528 3240 innuit

430 3280 584 3338 Eusebius.
627 3280 796 3356 Adjnnctus
811 3282 948 3339 Narcisso
963 3282 1129 3341 Alexander
1149 3282 1178 3339 in
1195 3281 1364 3360 episcopatu
1389 3281 1528 3338 Hieroso·

426 3377 567 3455 lyrnitano
595 3375 632 3433 A.
653 3377 688 3434 C.
716 3395 783 3434 212.
840 3377 949 3436 Confer
978 3378 1201 3436 Tillemontium
1231 3389 1302 3434 tom.
1328 3377 1370 3436 iii.
1401 3377 1528 3434 Memor.

428 3495 456 3551 p.
469 3491 539 3547 417.
563 3472 744 3530 Esnarcrus.

469 3567 542 3624 ‹l'nv
561 3571 635 3627 ἰδίοις
655 3570 825 3628 Ἐπιστολαῖς
843 3576 898 3629 rcis
916 3574 982 3643 πρὸς
994 3573 1163 3628 'Avrsvoairar
1182 3571 1302 3642 (Euseb.
1317 3570 1356 3627 vi.
1375 3572 1436 3641 11.)
1473 3568 1529 3626 Ubi

428 3668 588 3723 Ἐπιπολὰς
603 3665 674 3724 dicit
688 3666 724 3724 de
739 3667 825 3724 unica
841 3668 983 3743 Epistola,
998 3679 1032 3724 ut
1048 3667 1224 3725 Vincentius
1238 3666 1403 3724 Lirinensis
1423 3666 1454 3723 in
1469 3665 1531 3723 loco

428 3783 513 3839 quem
539 3783 627 3840 supra
650 3781 761 3841 p.114.
788 3765 935 3829 annotavi,
962 3774 992 3821 et
1016 3763 1161 3821 Eusebius
1185 3763 1222 3820 de
1246 3762 1378 3840 Epistola
1401 3761 1531 3820 cornelii

431 3859 517 3915 Rom.
533 3859 568 3915 ud
584 3858 610 3915 F
611 3860 707 3917 eblum
723 3860 803 3928 ἦλθον
817 3862 854 3918 εἷς
868 3862 933 3931 ἡμᾶς
945 3861 1103 3915 Ἐπιστολαὶ
1118 3862 1270 3932 Κορνηλίου.
1291 3859 1328 3915 vi.
1339 3877 1389 3932 43.
1414 3859 1531 3916 anm-

430 3975 512 4014 crns.
557 3957 702 4014 Eusebius
719 3957 774 4014 loci
789 3978 904 4015 sensum
927 3958 1039 4036 aperire
1058 3956 1173 4014 videtur
1192 3957 1290 4013 statim
1314 3967 1381 4034 post
1398 3954 1531 4021 dicendo,

430 4052 474 4106 ἐπὶ
486 4056 560 4106 τέλει
574 4055 619 4120 τῆς
633 4055 710 4122 αὐτῆς
724 4054 875 4123 ἐπιπολῆς,
891 4054 936 4112 vel
950 4056 993 4110 ἐπὶ
1007 4056 1078 4111 τέλει
1096 4059 1141 4124 τῆς
1159 4057 1310 4122 ἐπιστολῆς,
1328 4064 1417 4131 prout
1437 4053 1532 4129 legere

431 4146 542 4204 mavult
558 4146 695 4205 Valesius
709 4170 742 4206 ex
756 4149 787 4205 Μ
793 4149 878 4207 sstis
892 4151 961 4209 suis.
1005 4150 1049 4207 At
1064 4171 1132 4208 vero
1146 4150 1217 4207 buic
1231 4148 1468 4226 interpretationi
1482 4146 1532 4204 ad-

431 4255 562 4301 versatur
584 4243 617 4301 cl.
634 4245 751 4304 Keilius
772 4246 808 4304 ad
830 4258 901 4305 tom.
919 4248 967 4305 vii.
983 4247 1029 4306 ed.
1046 4268 1128 4304 novae
1149 4247 1318 4303 Erbriricaae
1338 4246 1411 4301 Broc
1431 4245 1533 4302 Graecoe

432 4360 461 4417 p.
476 4341 543 4416 287.
560 4341 609 4398 ubi
625 4360 741 4418 quoque
755 4364 816 4400 eam
832 4344 972 4402 attulerat
988 4344 1147 4401 Fabricius.

473 4447 486 4478 t
503 4437 589 4495 Hanc
611 4437 774 4516 Epistolam
797 4439 832 4496 ad
849 4441 1031 4498 Demetrium
1048 4438 1210 4497 Alexandri
1226 4437 1375 4497 Hierosol.
1390 4448 1421 4495 et
1437 4438 1532 4496 Theo·

433 4533 511 4590 ctisti
527 4533 712 4591 cesariensis
730 4534 892 4594 Palaestinm
906 4537 1033 4614 episcopi
1053 4537 1169 4594 nornine
1189 4536 1324 4614 scriptam
1346 4533 1439 4593 tradit
1458 4534 1533 4592 idem

433 4628 576 4687 Eusebius
591 4630 628 4686 vi.
649 4648 693 4706 19.
709 4632 758 4688 ubi
774 4631 915 4689 nonnulla
929 4653 965 4690 ex
982 4632 1080 4690 eadem
1097 4631 1224 4689 adducit.
1246 4630 1345 4688 Fusa.

473 4722 699 4783 fProfieiscenti
713 4727 894 4785 Alexandria
912 4728 1034 4806 Origeni
1055 4731 1235 4785 testimoniam
1251 4730 1450 4785 Ecclesiasticoe
1465 4731 1532 4803 Epi·

432 4824 507 4878 stolae
529 4821 649 4880 dederat
671 4824 851 4890 Demetrius,
871 4825 950 4902 quod
971 4827 1127 4904 probantes
1146 4826 1273 4904 episcopi
1290 4826 1350 4902 jam
1373 4826 1533 4889 memorati.

432 4927 521 4995 atque
535 4917 672 4995 Origenis
686 4920 823 4979 virtutem
839 4933 869 4979 et
880 4921 1039 4979 doctrinam
1056 4921 1231 4979 admirantes
1242 4922 1325 4979 illum
1337 4921 1444 4980 deinde
1459 4941 1532 5000 pres

432 5012 567 5092 byternm
582 5014 611 5071 in
629 5015 784 5075 Palaestina
798 5017 978 5085 ordinavere,
995 5029 1029 5076 ut
1048 5019 1157 5076 dictum
1180 5038 1266 5097 supra
1281 5039 1343 5096 cap.
1356 5037 1405 5095 54.
1427 5019 1531 5078 Fann-

432 5127 509 5167 crus
