3917 6467
422 1106 487 1168 ιοο
802 1099 1155 1166 ΑΝΝοοΑτιοΝοε
1200 1047 1207 1058 ’

428 1263 582 1326 Africano
597 1262 718 1326 sanitas
732 1261 805 1325 iude
820 1262 1011 1345 praebeatur.
1051 1259 1090 1322 In
1105 1265 1130 1340 ξ.
1143 1278 1174 1341 9.
1186 1259 1237 1322 ed.
1252 1257 1438 1322 Benedictin
1447 1258 1498 1322 brec

425 1375 592 1460 leguntur:
617 1375 665 1437 καὶ
680 1376 709 1437 σί
722 1377 759 1437 τὰ
772 1372 939 1451 Ἀθηναίων
958 1373 991 1434 δὲ
1012 1373 1209 1452 ἱστοροῦντες,
1223 1367 1404 1437 Ἑλλάνικός
1422 1395 1451 1432 τε
1467 1371 1502 1431 rel

427 1479 595 1560 Φιλόχορος
609 1479 626 1540 6
642 1475 849 1551 τδςἈτθίδας,
862 1475 989 1554 Κάστωρ
1004 1500 1037 1538 τε
1052 1476 1100 1536 καὶ
1114 1473 1254 1548 Θαλλδς,
1271 1474 1321 1536 καὶ
1330 1471 1505 1551 Ἀλέξανδρος

427 1580 443 1641 6
461 1577 649 1657 Πολυΐστωρ,
660 1577 704 1639 ἔτι
718 1578 751 1640 δὲ
767 1578 815 1640 καὶ
828 1579 858 1639 ol
872 1578 1042 1657 σοφώτατοι
1055 1577 1160 1638 Φίλιον
1173 1598 1207 1638 τε
1223 1575 1272 1637 καὶ
1282 1575 1433 1652 Ἰώσηποςι
1444 1576 1469 1636 οἱ
1479 1576 1507 1635 ri

428 1683 501 1741 κατα
515 1678 677 1744 Ἰουδαίους
692 1678 912 1758 ἱστορήσαντες,
928 1679 966 1743 ὥς
980 1679 1100 1758 σφόδρα
1114 1677 1242 1757 ἀρχαίου
1257 1675 1308 1737 καὶ
1323 1680 1447 1738 παλαιοῦ
1463 1680 1509 1736 nir

426 1780 579 1844 Ἰουδαίου
601 1783 745 1862 ἄρχοντος
768 1779 920 1845 Μιεῦσέως
939 1781 1112 1859 μέμνηνται.
1159 1776 1247 1840 Hinc
1270 1776 1437 1861 legendum
1455 1796 1510 1838 esst

427 1884 512 1968 apud
535 1883 721 1945 Africanum
747 1888 838 1965 puto,
852 1886 943 1943 ταῦτα
967 1884 1026 1962 γὰρ
1049 1882 1078 1942 οἶ
1102 1882 1140 1941 ra
1157 1877 1341 1956 Ἀθηναίου,
1362 1885 1396 1943 at
1419 1885 1513 1962 postca

427 1985 481 2047 lin.
503 2005 550 2048 ιο.
566 1988 583 2046 ὁ
606 1986 816 2058 τὰςἈτθίδας,
832 1983 1033 2066 nequeenim
1047 1981 1115 2043 haec
1129 1977 1315 2044 emendatio
1331 1979 1513 2043 Hellanicum

429 2086 610 2150 excluderet
625 2108 645 2149 a
660 2085 830 2168 scriptione
845 2105 949 2147 rerum
962 2081 1215 2157 Atheniensium,
1226 2080 1443 2167 cujus'Amsip
1455 2107 1514 2161 συγ·

429 2191 530 2268 γραφὴ
544 2188 586 2250 ab
601 2187 784 2250 auctoribus
796 2193 1070 2249 commemoratur.
1117 2183 1189 2247 Etsi
1206 2204 1282 2247 vero
1298 2183 1354 2246 lin.
1371 2202 1418 2245 12.
1432 2181 1514 2244 habes

428 2299 502 2373 post
525 2310 632 2352 vocem
658 2291 807 2368 Διόδωρος
832 2287 927 2364 istud,
948 2290 965 2351 6
992 2290 1044 2353 τὰς
1068 2284 1281 2365 βιβλιοθήκας,
1304 2294 1404 2368 atque
1422 2283 1514 2348 Celer·

428 2392 551 2454 tationis
565 2401 678 2454 auctor
689 2391 866 2453 Diodorum
881 2389 925 2452 sic
939 2394 1104 2463 memorat,
1115 2389 1164 2450 καὶ
1178 2390 1195 2448 6
1211 2389 1406 2466 ἐνδοξότατος
1419 2389 1449 2450 δὲ
1459 2385 1514 2464 παρ’

428 2496 498 2573 ὑμῖν
512 2500 571 2555 τῶν
586 2493 823 2573 ἱστοριογράφου
840 2493 999 2571 Διόδωρος,
1015 2492 1032 2553 6
1047 2493 1099 2554 τὰς
1115 2489 1319 2567 βιβλιοθήκας
1340 2489 1514 2567 &serenata

429 2590 584 2668 τριάκοντα
599 2592 681 2656 ὅλοις
697 2591 797 2653 ἔτεσιν
811 2591 868 2652 &a
887 2589 963 2652 nihil
978 2598 1085 2653 tamen
1101 2587 1219 2650 idcirco
1241 2590 1328 2671 apud
1345 2587 1513 2650 Africanum

429 2689 609 2753 addendum
625 2700 683 2755 est.
722 2692 871 2776 Legerim
885 2698 994 2755 autem
1009 2689 1102 2775 paulo
1117 2698 1193 2753 ante
1209 2692 1291 2752 καὶὸ
1306 2693 1345 2753 τὰ
1360 2689 1479 2761 πάππου,
1489 2694 1514 2749 et

429 2792 522 2866 inira,
538 2794 645 2857 οίτινες
664 2813 724 2876 pro
744 2795 795 2855 καί
813 2818 901 2858 τινες.

474 2892 511 2954 Ρ.
529 2893 637 2973 2721.
656 2912 706 2975 17.
723 2895 756 2957 ἔκ
774 2920 810 2974 γε
834 2900 919 2957 τοῦδε
943 2900 996 2957 τοῦ
1018 2892 1263 2975 συγγράμματος]
1293 2891 1453 2976 Scriptum
1471 2888 1515 2952 uli·

430 2994 519 3079 eujus
533 2995 673 3058 auctoris
687 3005 763 3058 ante
779 2995 966 3060 laudaverat
982 2996 1162 3058 Africanus.
1207 2994 1407 3058 Particulam
1424 3000 1515 3056 auten

429 3123 466 3178 γε
480 3120 538 3182 pro
553 3123 586 3160 τε
601 3105 668 3160 tam
689 3121 729 3160 ex
749 3099 875 3184 Geerpt‘o
895 3099 1030 3182 Spaeello
1049 3118 1151 3182 pauca
1170 3095 1285 3158 horum
1300 3096 1465 3158 verborum
1480 3092 1516 3156 al·

431 3197 552 3261 ferente
581 3220 654 3282 pag.
674 3201 744 3278 148.
766 3221 861 3283 quam
886 3222 927 3263 ex
951 3199 1110 3283 scaligero
1134 3197 1166 3260 in
1184 3195 1371 3260 Emebiaaie
1390 3218 1459 3281 pag.
1476 3212 1516 3277 25·

430 3301 565 3383 reposui.
614 3299 745 3384 Legitur
763 3301 890 3384 quidem
910 3302 952 3364 ibi
973 3303 1059 3385 apud
1075 3300 1264 3383 syncellum,
1281 3299 1314 3361 ἔκ
1336 3323 1372 3379 γε
1393 3303 1473 3361 τοῦδε
1492 3322 1516 3356 ο.

431 3402 546 3464 omisso
572 3402 706 3465 articulo
733 3408 799 3464 τοῦε
826 3404 881 3465 sed
907 3404 992 3486 apud
1018 3403 1109 3464 eund.
1132 3425 1162 3485 p.
1182 3404 1233 3484 63.
1256 3400 1311 3462 ubi
1338 3399 1518 3462 omniafere

431 3503 525 3588 hujus
540 3503 662 3583 ῥήσεος,
679 3512 715 3565 ut
731 3503 806 3578 dixi,
823 3504 895 3567 hinc
910 3506 1064 3587 usquead
1080 3503 1175 3565 finem
1190 3504 1259 3586 ejus
1278 3510 1470 3587 comparent
1483 3500 1518 3562 sic

431 3629 465 3668 se
481 3606 578 3667 verba
594 3605 724 3676 habent,
743 3607 774 3667 ἐκ
793 3610 879 3668 τοῦδε
898 3611 949 3668 τοῦ
965 3632 995 3667 ο.
1042 3605 1180 3688 Vigerus
1201 3614 1309 3667 autem
1332 3605 1365 3667 in
1382 3606 1469 3666 Notis
1486 3601 1518 3665 ad

432 3707 607 3770 Eusebium
628 3708 659 3768 h.
675 3706 695 3767 l.
712 3707 901 3789 particulam
917 3733 949 3770 τε
968 3708 1092 3770 monuit
1111 3715 1168 3769 aut
1190 3706 1435 3790 expungendam
1453 3726 1518 3775 csse,

431 3818 489 3871 aut
503 3808 623 3891 aliquid
639 3807 724 3869 aliud
741 3808 904 3891 postulari.

477 3912 512 3973 P.
528 3930 599 3992 273.
616 3910 636 3971 l.
651 3928 679 3970 2.
693 3908 741 3970 ἀπ’
756 3910 916 3993 Αἰγύπτου]
934 3910 987 3973 Ita
1003 3910 1158 3992 Spacellue
1171 3930 1244 3992 pag.
1261 3911 1312 3991 63.
1332 3907 1521 3991 Scaligerque

431 4014 463 4077 in
483 4012 676 4077 Eusebiaais.
723 4011 806 4073 Nam
829 4015 980 4092 Αἴγυπτον
1002 4013 1102 4074 solum
1125 4018 1258 4095 praestat
1281 4010 1438 4092 Synecllra
1460 4031 1520 4093 pag.

439 4118 507 4194 146.
531 4121 629 4196 atque
652 4111 797 4175 Eusebius
823 4112 931 4188 editus,
947 4113 1000 4174 ubi
1023 4120 1130 4175 tamen
1152 4112 1184 4173 in
1205 4112 1279 4174 MS.
1299 4111 1378 4174 coll.
1395 4114 1428 4174 S.
1443 4112 1524 4173 Joea

432 4215 605 4298 druchusque
621 4215 703 4277 codd.
726 4215 880 4296 Gaisford.
898 4224 930 4278 et
953 4216 984 4276 in
1007 4214 1141 4298 Syncelli
1161 4216 1236 4276 MS.
1249 4215 1356 4298 priore
1376 4215 1523 4286 Parisino,

434 4317 550 4400 legitur
572 4319 730 4395 Αἰγύπτου.
778 4316 949 4400 Habetque
970 4317 1125 4400 Georgius
1140 4316 1372 4399 Trapezuntius
1392 4318 1445 4399 qui
1460 4326 1524 4378 anta

434 4420 547 4480 Graeca
571 4418 658 4479 cdita
681 4418 787 4500 Proep.
805 4418 923 4501 Εοουρ.
941 4418 1072 4480 Eusebii
1093 4419 1323 4499 interpretatus
1342 4428 1403 4492 est,
1418 4417 1455 4480 αδ
1470 4418 1525 4481 AEr

430 4530 528 4602 ργρίο.
573 4518 709 4580 Dixerat
724 4520 766 4580 ad
778 4518 950 4582 Eusebium
969 4520 1110 4602 ligerum
1128 4527 1149 4555 “
1167 4518 1248 4580 Dcle
1263 4519 1347 4580 hanc
1363 4542 1469 4582 vocem
1485 4522 1525 4581 Αἶ-

434 4629 455 4656 “
472 4645 592 4699 γοπτου,
607 4627 663 4680 aut
679 4641 795 4702 repone
811 4623 859 4682 ἀπ’
876 4623 1058 4699 Αἰγύπτοο.”
1095 4621 1148 4684 Ita
1164 4621 1224 4682 ille.
1272 4621 1353 4682 Mox
1368 4622 1526 4684 articulum

434 4722 541 4783 addidi
558 4745 596 4783 ex
615 4722 685 4783 MS.
703 4722 831 4785 Eusebii
844 4724 911 4806 jam
927 4724 1013 4786 (licto
1033 4731 1066 4786 et
1087 4746 1125 4785 ex
1146 4722 1291 4806 Syncello
1311 4733 1389 4786 ante
1409 4727 1527 4803 πρώτην.

435 4823 525 4885 Nunc
541 4824 670 4885 firmant
684 4823 768 4884 codd.
784 4833 842 4886 tres
859 4824 1083 4906 Gaissordicai.

480 4925 562 4986 Ibid.
587 4925 608 4985 l.
634 4947 665 5002 4.
692 4926 893 5007 δειχθήσεται]
929 4925 1057 4988 Mavult
1082 4926 1185 5008 legere
1209 4927 1358 4987 δείκνυται
1390 4925 1527 5007 Vigerus.

435 5027 583 5088 Proxime
604 5035 676 5110 post
692 5026 759 5088 voci
780 5030 893 5104 πρώτης
913 5027 1020 5089 addidi
1043 5026 1210 5089 articulum
1233 5048 1274 5088 ex
1289 5026 1418 5090 Ευςσδίἱ
1432 5029 1528 5091 Mssa.

433 5129 464 5188 S.
480 5129 571 5191 Joars.
621 5127 648 5191 F
649 5127 767 5189 irmant
782 5128 865 5190 cedd.
882 5138 943 5190 tres
959 5128 1187 5210 Gaiffordiani.
