3917 6467
427 1094 493 1153 40⁴
793 1083 1148 1150 ,uuuoufflouns

424 1266 447 1292 ‘⁴
461 1255 632 1333 ψήιρωοις
651 1256 670 1315 ὁ
691 1253 856 1333 δάκρυς’
877 1275 908 1337 ρ.
926 1252 999 1329 248.
1023 1249 1150 1314 Nouus
1165 1246 1313 1313 niutau
1335 1247 1434 1311 Vim.
1470 1246 1506 1308 u

426 1360 571 1429 fortasse,
585 1379 659 1421 cum
679 1357 799 1420 babeat
814 1355 946 1419 Eusebii
960 1353 1121 1438 Dyuastia
1143 1352 1301 1433 adamae
1322 1350 1457 1429 ἔτερος,ὀ
1473 1347 1509 1410 sul

423 1460 615 1538 ψαμμαηαὸς.
631 1458 787 1522 Africano
801 1457 1018 1542 reponendum
1033 1456 1117 1520 forat
1131 1454 1317 1534 Ψόρμονθις,
1333 1451 1436 1532 ἐτέρας
1446 1455 1510 1528 Ψαμ-

424 1564 551 1642 μίτιχος.
594 1560 664 1623 Adi
684 1560 782 1623 alium
808 1581 917 1645 regem
939 1558 1170 1644 cognominem,
1185 1556 1240 1641 qni
1264 1555 1383 1621 turbiue
1404 1552 1511 1636 eellly-

426 1663 541 1726 nutis
555 1684 647 1735 mr,
660 1674 694 1726 et
709 1676 821 1726 uotum
834 1663 878 1726 ad
892 1661 951 1725 los.

472 1764 512 1827 P.
529 1767 602 1827 261.
616 1763 638 1826 l.
655 1769 687 1827 ό.
700 1766 839 1843 (mapa
856 1762 910 1841 ἔτη
930 1762 993 1845 αἱ]
1021 1760 1179 1825 Eusebius
1203 1759 1237 1822 iu
1258 1757 1425 1841 Dflustiu,
1439 1774 1514 1840 quau

426 1878 556 1929 secutus
569 1880 619 1930 est
634 1865 775 1950 Sesligsr
787 1866 821 1928 in
837 1868 953 1928 Cum.
967 1866 1084 1948 Ιοαρορ.
1096 1884 1199 1927 anuos
1213 1880 1231 1923 2
1232 1880 1265 1944 5.
1278 1859 1425 1924 similiter
1436 1866 1515 1942 atquo

429 1968 627 2031 Herodotus.
637 1967 759 2052 l'upbn'
773 1989 829 2029 seu
845 1967 959 2050 Apriei
970 1965 1087 2029 ibidem
1097 1962 1260 2028 attribuit.
1300 1960 1367 2025 Sed
1377 1960 1515 2025 Diodorou

429 2069 554 2133 Siculus
566 2068 621 2132 lib.
638 2068 664 2130 1.
681 2091 752 2152 asp.
766 2072 820 2131 68.
834 2090 937 2133 anuos
952 2078 1082 2132 tautum
1098 2084 1149 2129 22.
1195 2062 1356 2128 Eusebius
1377 2061 1516 2127 interdum

428 2172 461 2235 iu
478 2170 589 2233 cum.
606 2171 678 2233 lut.
692 2190 746 2254 30.

473 2271 557 2335 Ibid.
581 2269 605 2356 qi
630 2269 836 2355 προσέφυγον]
865 2270 936 2334 Rex
960 2271 1024 2334 iste
1049 2269 1154 2333 diulus
1184 2267 1324 2354 Voplm
1347 2277 1399 2331 eat
1426 2264 1516 2330 itidem

429 2396 449 2437 a
471 2371 835 2457 Lxx.1nterpreubus
859 2373 893 2435 in
907 2373 1052 2436 Jermue
1077 2394 1147 2456 cap.
1168 2371 1241 2434 xliv.
1262 2390 1379 2433 mmm.
1401 2366 1457 2431 ult.
1473 2364 1516 2428 aad

429 2475 549 2560 Epir«
563 2476 611 2538 rel
625 2475 756 2560 Hoplro
769 2474 924 2549 scribunt,
935 2475 989 2558 qui
1007 2474 1182 2537 llebraeum
1196 2471 1341 2536 oodiosm
1352 2475 1516 2553 sequuntur.

474 2576 557 2639 lbid.
572 2576 593 2638 l.
609 2578 640 2639 8.
651 2576 786 2654 Ἀμυσις
800 2575 852 2655 ἔτη
865 2576 940 2660 ud]
958 2575 1116 2639 Eusebius
1133 2574 1166 2637 iu
1185 2572 1333 2637 Olmiai
1352 2565 1517 2653 exemplari·

431 2678 491 2741 bus
513 2678 644 2741 exhibet
666 2676 716 2740 uel
738 2678 878 2750 Ασιαςίς,
899 2677 1166 2761 quemadmodum
1190 2674 1280 2760 apud
1305 2682 1453 2737 auatorss
1471 2668 1517 2730 fre

431 2794 566 2864 quanter
580 2803 696 2843 nomeu
713 2780 873 2853 scribitur,
889 2781 948 2849 vel.
965 2781 1141 2855 dumosis,
1157 2780 1206 2842 uel
1226 2777 1365 2861 denique
1380 2771 1517 2838 Amata&-

433 2881 474 2944 lu
488 2883 644 2965 Dynamio
664 2904 788 2966 quoquo
807 2896 841 2946 st
858 2882 1004 2946 Chronico
1020 2881 1178 2945 Eusebius
1197 2900 1301 2943 annos
1320 2876 1518 2963 adposuitu,

431 2981 479 3045 vel
499 2983 532 3045 in
550 2984 627 3047 edit.
645 2984 779 3048 Pontaui
801 3006 876 3047 auu.
892 3004 945 3067 43.
961 2983 1070 3048 tir-ruat
1089 3005 1164 3047 vero
1188 2982 1380 3045 Herodotus
1395 2973 1518 3043 urriani

432 3105 579 3148 numeros
586 3108 640 3165 44.
650 3107 720 3170 esp.
731 3106 779 3148 ιο.
788 3085 860 3148 libri
874 3086 974 3149 tertii.
1005 3085 1165 3148 Diodorus
1175 3091 1286 3148 tamen
1299 3082 1426 3147 Siculus
1438 3098 1519 3144 sunus

432 3186 535 3249 eidem
550 3186 616 3271 regi
630 3206 684 3271 55.
699 3188 891 3263 attribuens,
906 3190 1097 3253 Βασιλεύσας
1111 3189 1135 3249 δ’
1151 3185 1216 3265 ἔτη,
1230 3185 1347 3271 iuquit,
1362 3183 1451 3247 πέντε
1464 3179 1520 3260 πρὸς

431 3294 493 3352 τοῖς
515 3289 709 3365 aes-rixosae,
732 3288 918 3370 κατέστρεψε
933 3289 988 3351 τὸν
1009 3289 1091 3367 βίον,
1108 3290 1171 3351 καθ’
1187 3288 1224 3350 ὃν
1245 3289 1361 3369 χρόνον
1377 3285 1521 3364 Καμβῦοηΐ

431 3393 448 3452 ὁ
471 3397 529 3451 τῶν
548 3396 677 3468 Περσῶν
698 3392 846 3467 βασιλεὺς
867 3392 1068 3469 ἐστράτευσεν
1091 3392 1140 3453 ἐπὶ
1161 3391 1215 3469 τὴν
1230 3393 1395 3470 Αἴγυπτον,
1413 3382 1519 3451 sarad

432 3494 531 3571 τρίτον
547 3492 612 3557 ἔτος
627 3496 678 3568 τῆς
694 3494 852 3569 ἑξηκοστῆς
868 3493 916 3554 καὶ
930 3495 1029 3572 τρίτης
1038 3491 1253 3571 Ὀλυμπιάδος,
1266 3491 1303 3567 ἣν
1320 3493 1405 3553 ἐνίκα
1419 3488 1521 3550 στάδιον

433 3594 622 3672 Παρμενίδης
639 3598 835 3671 Κιμαρινοῖος.
852 3592 907 3656 lib.
925 3594 952 3654 l.
967 3615 1036 3678 cap.
1050 3595 1102 3655 68,
1147 3591 1200 3655 Ad
1216 3591 1302 3655 huno
1317 3613 1434 3675 regem,
1446 3607 1521 3673 quun

431 3689 473 3751 ob
502 3688 703 3772 sapientiam,
726 3691 900 3774 justitiam,
931 3691 1207 3774 clementiamque,
1237 3691 1352 3754 laudat
1381 3689 1522 3752 Diodorus

431 3815 458 3855 ο.
475 3811 528 3875 95.
551 3791 658 3867 Solon,
679 3800 762 3856 teste
788 3794 969 3870 Herodoto,
991 3795 1081 3858 adiit.
1105 3794 1166 3856 ud.
1182 3794 1238 3858 lib.
1255 3794 1283 3856 l.
1300 3815 1372 3878 cap.
1388 3812 1442 3876 30.
1482 3786 1523 3851 Ad

431 3896 500 3959 haeo
522 3916 605 3957 nuuc
628 3894 692 3957 vidi
715 3917 829 3958 nomen
845 3898 973 3959 Arausio
995 3897 1113 3960 habere
1136 3897 1245 3959 Obrou.
1262 3893 1391 3958 Eusebii
1412 3898 1523 3957 Anum.

433 3994 572 4057 Variaut
584 3994 669 4059 inter
680 4018 713 4058 se
726 3997 959 4081 chronographi
971 3996 1019 4061 vel
1029 3998 1154 4060 Amasis
1167 3996 1345 4059 velAmusis
1357 3997 1524 4059 scribentes

477 4098 560 4161 lbid.
578 4099 597 4161 l.
615 4119 644 4179 9.
661 4099 897 4183 Ψαμμεχερίτης]
914 4098 968 4162 Ita
983 4101 1100 4163 MSuu
1117 4099 1224 4162 Paris.
1237 4106 1272 4162 et
1288 4098 1443 4182 Scaliger.
1456 4104 1523 4175 Ψαμ-

432 4201 591 4281 ραχερίτης
604 4201 709 4263 editus
726 4199 889 4282 Syucellus.
927 4200 1042 4263 Nescit
1058 4201 1141 4263 hune
1157 4221 1264 4284 regem
1277 4198 1435 4275 Eusebius,
1448 4217 1526 4283 quen

433 4301 606 4384 Cambyses
635 4301 751 4364 devicit
782 4309 909 4364 mortuo
940 4302 1052 4364 Amasi
1088 4310 1181 4386 patre
1216 4299 1350 4383 hujusce
1381 4300 1527 4362 Psumms

433 4402 573 4477 aberitis,
589 4424 644 4466 sau
660 4403 881 4479 Psammeuiti,
897 4414 993 4487 prout
1008 4402 1149 4487 appellat
1166 4422 1238 4464 eum
1257 4402 1457 4464 Herodotus.
1478 4396 1526 4461 u‘d.

433 4505 487 4568 lib.
505 4504 546 4566 iii.
563 4527 653 4590 capp.
674 4525 722 4568 10.
738 4516 771 4569 et
793 4527 840 4584 ¹4·
857 4506 912 4569 ubi
927 4505 1010 4568 idem
1029 4527 1085 4568 sex
1106 4504 1262 4567 mensium
1282 4504 1426 4588 spatium
1445 4520 1528 4586 reguo

434 4607 503 4690 ejus
518 4605 680 4668 tribuitur.

773 4799 1011 4863 DYNASTIA
1036 4797 1191 4861 XXVII.

484 4935 563 4998 lbid.
580 4934 600 4997 l.
619 4954 668 4999 οι.
686 4933 737 5013 ἔτη
753 4934 804 5020 ς’.]
822 4934 979 4997 Eusebius
994 4935 1026 4997 in
1038 4935 1168 5017 Dynusl.
1180 4931 1233 5008 ἔτη
1248 4931 1287 5012 γ’,
1304 4932 1358 5015 qui
1374 4932 1530 5016 posthunc

434 5037 519 5102 istud
535 5037 669 5113 addidit,
687 5037 790 5118 Μάγοι
803 5042 898 5116 μῆνας
913 5035 953 5113 ζ’.
999 5035 1045 5099 Et
1059 5057 1161 5098 annos
1174 5059 1205 5111 4.
1222 5034 1373 5118 Oambysi
1391 5030 1530 5097 attribuit

436 5141 576 5228 Scaliger
601 5140 634 5204 in
655 5140 809 5204 Oauouum
828 5141 944 5224 Ιςορορ.
993 5139 1171 5222 Meliusque
1194 5137 1261 5200 haeo
1287 5136 1416 5200 Eusebii
1442 5145 1530 5218 atque
