3917 6467
697 1108 746 1173 IN
767 1109 991 1174 AFRICANI
1013 1109 1261 1176 CHRONICA.
1465 1112 1529 1173 445

473 1272 639 1336 P.282.1.
658 1294 708 1359 13.
727 1275 868 1341 Telchus
889 1299 962 1340 ann.
985 1277 1051 1362 xx.]
1076 1276 1250 1362 Syncellus,
1266 1275 1319 1360 qui
1341 1275 1374 1338 in
1399 1274 1528 1339 Chrono-

422 1372 560 1457 ffiuphia
573 1373 761 1438 laterculum
774 1377 991 1461 suppeditavit
1005 1399 1115 1462 regum
1126 1377 1354 1462 Sicyoniorum
1367 1398 1467 1441 annos
1481 1386 1530 1442 at-

425 1472 543 1538 tribuit
557 1494 608 1557 29.
625 1476 782 1551 Telchini‚
795 1500 869 1541 nam
884 1478 932 1543 ita
946 1501 1017 1542 eum
1034 1479 1207 1564 Syncellus,
1217 1480 1339 1565 pariter
1352 1486 1450 1563 atque
1466 1479 1531 1541 Eu-

426 1574 545 1651 sebius,
560 1577 711 1661 appellat.
756 1578 918 1644 Deficiunt
931 1587 1040 1644 autem
1055 1580 1143 1645 tertii
1160 1581 1244 1666 regis
1264 1580 1395 1665 hujusce
1415 1601 1531 1642 nomen

426 1676 552 1740 stanni
566 1677 599 1739 in
613 1678 676 1741 alio
691 1682 830 1763 quodam
844 1682 1001 1766 catalogo,
1016 1704 1108 1766 quem
1120 1682 1263 1747 Castoris
1274 1690 1367 1746 vocat
1379 1682 1529 1764 Scaliger,

426 1775 459 1839 in
479 1777 663 1843 Euschiamb
688 1803 759 1867 pag.
780 1803 828 1863 ¹9·
872 1784 1022 1847 Ausonia
1044 1784 1155 1848 Chrcu.
1171 1781 1282 1847 Eused.
1298 1784 1417 1868 Iutap.
1431 1782 1530 1847 habet

431 1880 556 1943 Tertius
583 1882 716 1959 Telchus,
742 1905 814 1947 ann.
831 1907 885 1948 xx.
931 1885 1081 1950 Ceterum
1106 1886 1139 1949 in
1166 1887 1226 1949 hac
1252 1885 1395 1949 Castoris
1419 1907 1530 1969 regum

427 1980 520 2057 serie,
544 1982 659 2066 Pelops
673 2006 732 2068 pro
747 1985 877 2070 Ampho
892 2007 966 2068 rege
983 1993 1098 2070 quarto
1113 1986 1236 2071 positus
1251 1993 1310 2062 est,
1322 1986 1531 2071 additumque

427 2080 498 2159 fult,
520 2080 563 2145 ‘H
589 2087 827 2165 Πελοπόννησος
853 2090 972 2167 ἐκλήθη.
1017 2088 1164 2172 Namque
1185 2088 1315 2153 exhibet
1336 2089 1448 2152 eadem
1466 2090 1531 2150 Ar-

427 2183 535 2247 menia
552 2183 675 2269 Interp.
691 2188 775 2271 Apis
796 2190 888 2252 aunis
905 2212 994 2253 xxva.
1038 2191 1067 2253 A
1088 2211 1145 2273 quw
1160 2190 1247 2273 Apis,
1263 2211 1331 2273 quae
1349 2210 1430 2253 uuna
1443 2189 1531 2253 Polo-

420 2304 573 2368 ponucseu
585 2286 770 2369 appclhrtur.
817 2288 887 2351 Vol.
911 2290 938 2352 1.
960 2312 992 2373 p.
1009 2306 1081 2374 257.
1101 2290 1150 2354 ed.
1167 2289 1305 2352 Aucher.
1321 2288 1439 2353 Chron.
1456 2286 1530 2352 Lat.

428 2386 522 2470 Apis.
538 2408 626 2450 xxvr.
641 2409 663 2450 a
676 2409 733 2472 quc
747 2390 848 2473 Apu,
863 2411 932 2474 qua
946 2412 1027 2455 nuuc
1042 2390 1266 2475 Pchpcuuesus,
1274 2390 1368 2474 psius
1382 2390 1531 2474 AEyiucta

427 2497 616 2573 aucupata.

412 2617 419 2629 ·
473 2588 558 2653 Ibid.
580 2588 600 2652 l.
628 2607 674 2671 17.
698 2591 794 2654 Anno
820 2592 1063 2676 quadragesimo
1087 2591 1185 2656 tertio
1209 2590 1369 2675 Leucippi,
1392 2591 1531 2677 egressio

428 2690 630 2776 Judaeorum]
657 2691 788 2756 Lemma
810 2693 870 2757 hoc
893 2715 1004 2758 revera
1018 2693 1163 2757 Africani
1186 2714 1255 2756 esse
1278 2692 1369 2756 facilc
1392 2693 1531 2777 probatu

428 2799 492 2869 est,
507 2814 547 2857 eo
569 2794 654 2878 quod
675 2794 760 2858 inter
773 2794 889 2859 Jacobi
911 2816 985 2858 ann.
1003 2814 1053 2875 29,
1074 2816 1137 2879 quo
1158 2794 1375 2878 Sicyoniorum
1398 2818 1531 2881 regnum

428 2895 559 2978 exejus
578 2895 737 2959 sententia
756 2895 925 2961 fundatum
944 2904 1116 2981 astatque
1133 2896 1236 2960 Mosis
1257 2898 1393 2961 exodum
1415 2906 1467 2963 tot
1488 2899 1531 2963 ab

427 3018 469 3061 eo
483 2996 674 3081 colliguntur
687 2998 771 3073 anni,
788 3006 867 3081 quot
881 2997 1009 3082 regibus
1031 2998 1101 3061 istis
1121 2997 1163 3061 ab
1184 2997 1275 3061 initio
1294 3020 1394 3083 usque
1412 3000 1455 3062 ad
1472 3021 1529 3064 an·

428 3119 507 3161 num
526 3098 609 3161 hunc
623 3118 674 3181 43.
692 3098 843 3184 Leucippi
862 3100 1075 3184 assignantur,
1091 3099 1124 3161 hi
1144 3107 1252 3163 saltem
1273 3098 1347 3162 anni
1366 3107 1441 3164 sunt
1454 3117 1529 3185 315.

430 3199 561 3263 Videsis
582 3199 803 3264 Chronotaxin
821 3201 966 3265 Africani
992 3208 1134 3265 nostram
1160 3200 1203 3264 ad
1229 3200 1342 3264 harum
1357 3201 1530 3266 Adnotatt.

429 3303 483 3365 lin.
499 3301 647 3386 positam.

473 3402 558 3466 Ibid.
573 3402 593 3464 l.
612 3422 662 3465 21.
679 3402 800 3466 Eratus
821 3426 896 3467 ann.
913 3402 996 3489 xva]
1018 3403 1160 3488 Scaliger
1178 3405 1220 3467 ad
1242 3425 1342 3488 marg.
1357 3424 1430 3466 ann.
1446 3425 1530 3467 xnus.

429 3502 590 3587 reposuit;
614 3503 751 3567 totidem
777 3504 861 3567 enim
885 3505 1051 3583 Eusebius,
1072 3505 1233 3589 Syncellus
1255 3506 1332 3590 ipse,
1353 3505 1531 3591 Castorque

429 3604 498 3687 regi
513 3602 586 3667 huic
601 3603 794 3668 attribuunt.

474 3704 557 3768 Ibid.
574 3703 595 3768 l.
614 3724 664 3789 23.
682 3706 855 3769 Marathus
869 3728 943 3770 ann.
959 3707 1052 3790 xxx]
1071 3706 1227 3769 Eusebius
1242 3706 1274 3768 in
1292 3706 1437 3770 Chronico
1451 3706 1532 3771 duos

431 3805 615 3881 Marathos,
628 3806 711 3869 hunc
732 3806 826 3871 alteri
845 3808 1089 3891 praecedentem,
1108 3813 1344 3881 commemorat,
1363 3807 1532 3891 posteriori

430 3925 533 3969 annos
555 3924 606 3968 20.
621 3925 792 3989 apponens.
838 3905 1001 3989 Syncellus
1025 3926 1159 3989 quoque,
1183 3904 1239 3967 sed
1264 3904 1375 3966 ordine
1396 3910 1530 3980 mutato,

429 4005 557 4079 scribit3
572 4004 801 4067 Echirussauu.
811 4028 860 4082 av,
871 4005 1087 4069 Marathonius
1097 4026 1169 4069 aaa.
1182 4027 1258 4067 xxx.
1282 4003 1449 4068 Marathus
1457 4025 1530 4068 auu.

430 4128 484 4169 xx.
531 4104 673 4168 Castoris
690 4111 797 4168 autem
814 4105 986 4190 Catalogus
1004 4106 1114 4181 habet,
1129 4105 1345 4169 Marathonius
1364 4126 1436 4169 auu.
1453 4127 1530 4167 xxx.

432 4208 582 4270 Marasus
604 4229 670 4269 rur.
715 4207 870 4289 Echyruu
892 4230 938 4271 av.
989 4210 1071 4271 Mox
1093 4208 1205 4272 Coraci
1228 4209 1307 4271 dant
1329 4230 1430 4272 annos
1451 4232 1530 4272 xxx.

431 4330 491 4393 pro
505 4331 561 4370 xx.
584 4307 751 4381 Eusebius,
768 4309 894 4385 Castor,
909 4309 1145 4393 Syncellusque.
1185 4310 1270 4374 Dein
1285 4311 1417 4394 Epopeo
1431 4332 1532 4375 annos

431 4433 532 4474 xxxu.
548 4431 607 4494 pro
621 4432 721 4471 xxxv.
738 4409 911 4493 Syncellus.

475 4511 559 4573 Ibid.
575 4511 595 4573 l.
613 4529 663 4591 24.
682 4509 1067 4595 Laomcdusann.x1.111.]
1090 4511 1247 4576 Eusebius
1261 4511 1438 4595 Castorque
1457 4533 1531 4575 anu.

431 4621 560 4677 tantum
582 4634 631 4673 xc.
648 4612 839 4676 attribuunt.
885 4614 965 4676 Post
988 4613 1071 4676 hunc
1093 4622 1201 4678 autem
1226 4635 1333 4698 regem
1356 4620 1533 4697 sequuntur

431 4713 517 4797 apud
541 4713 723 4789 Eusebium,
745 4713 924 4790 Castorem,
941 4713 1181 4799 Syncellumque
1203 4715 1266 4777 duo
1287 4714 1341 4777 alii
1363 4714 1476 4798 Sicyon
1498 4720 1532 4778 et

431 4814 583 4897 Polybus,
599 4835 732 4897 quorum
754 4813 848 4877 alteri
867 4837 941 4878 ann.
958 4838 1030 4876 xcv,
1045 4815 1138 4879 alteri
1158 4836 1232 4877 ann.
1248 4837 1299 4877 xn.
1315 4813 1449 4899 affigunt
1467 4813 1532 4878 Eu·

432 4914 537 4978 sebius
550 4923 584 4978 st
598 4914 724 4978 Castor.
769 4915 931 4998 Syncellus
945 4921 1055 4979 autem
1070 4915 1196 4999 Sicyoni
1211 4936 1286 4978 ann.
1304 4938 1377 4977 xnu.
1394 4915 1531 4998 Polybo·

432 5036 494 5097 que
513 5014 955 5097 ann.x1.111.assignavit,cui
977 5016 1104 5099 quidem
1120 5016 1242 5099 Polybo
1262 5014 1396 5098 Sicyone
1415 5014 1531 5077 omisso

433 5116 605 5177 Africanus
630 5123 722 5179 extra
747 5116 888 5178 ordinem
912 5116 1011 5180 stanti
1034 5139 1124 5180 suum
1147 5139 1222 5180 ann.
1246 5138 1317 5180 xcv.
1339 5114 1386 5178 vel
1407 5138 1455 5177 xa.
1476 5115 1531 5179 ad·

434 5223 589 5279 numerat.
