3917 6467
485 1101 550 1171 190
811 1099 1054 1183 nnnrnnnn
1076 1099 1248 1166 sanan.

484 1262 595 1341 μαίνει,
621 1262 668 1325 καί
695 1266 755 1325 τῶν
782 1259 975 1342 προρρήσεων
1003 1260 1092 1339 αὐτῆς
1116 1261 1269 1339 μέμνηται,
1297 1256 1333 1322 δι’
1363 1259 1407 1323 ὃν
1434 1258 1580 1339 πολέμους

487 1368 612 1433 ἔσεσθαι
639 1369 687 1432 καὶ
711 1368 933 1436 ἆκαταστασίας
955 1371 1225 1450 προεμαντεύσατο·
1262 1369 1305 1431 ὧν
1329 1369 1378 1432 καί
1400 1368 1456 1448 την
1476 1373 1581 1450 ψευδο-

486 1479 596 1562 λογίαν
610 1480 724 1544 εὐθύνει
738 1482 794 1544 <tte
808 1479 917 1562 λέγων.

544 1595 617 1670 Καὶ
644 1598 721 1675 πῶς
753 1593 794 1671 οὐ
825 1590 1026 1699 καταφανές
1056 1591 1124 1691 ἤδη
1156 1591 1281 1694 γέγονε
1314 1593 1372 1670 καὶ
1405 1599 1512 1671 τοῦτο
1543 1589 1581 1670 τὸ

487 1731 644 1833 ψεῦδος;
687 1726 800 1807 πλείω
836 1723 907 1828 γὰρ
943 1723 966 1826 ἢ
1003 1727 1232 1829 τρισκαίδεκα
1268 1726 1329 1819 ἕτη
1366 1731 1416 1810 εὶς
1451 1725 1604 1827 ταύτηνς

486 1857 552 1958 τὴν
589 1860 732 1962 ἡμεραν,
769 1858 814 1964 ἐξ
846 1858 888 1938 οὗ
924 1857 1169 1959 τετελεύτηκεν
1205 1860 1228 1958 ἡ
1259 1856 1362 1960 γυνή·
1414 1862 1472 1938 καὶ
1506 1861 1584 1938 οὔτε

486 1992 638 2097 μερικὸς,
656 1995 735 2073 οὔτε
760 1990 949 2076 καθολικὸς
974 1991 1102 2101 κόσμῳ
1131 1992 1256 2095 γέγονε
1279 1990 1452 2092 πόλεμος·
1487 1993 1586 2073 ἀλλὰ

487 2134 547 2212 καὶ
582 2135 813 2233 Χριστιανοῖς
848 2135 994 2228 μᾶλλον
1029 2128 1149 2233 εἰρήνη
1186 2129 1352 2227 δαίμονος
1386 2128 1432 2238 ἐξ
1466 2129 1587 2214 ἐλέους

488 2271 594 2346 θεοῦ.

488 2472 586 2544 quibu·
598 2472 667 2527 belh
682 2481 709 2527 εἴ
724 2471 1013 2553 ωωΰίῐῦῌωινὶνθζο
1062 2492 1149 2550 qusm
1170 2472 1309 2531 tredecim
1331 2474 1399 2532 anni
1415 2474 1476 2551 jam
1496 2474 1586 2553 elapsi
1599 2485 1630 2526 10

486 2542 653 2613 immi·
691 2542 934 2614 0¹¹⁰mmq¹¹¹dem
945 2550 1012 2596 Van·
1062 2564 1149 2612 snnt:
1169 2573 1223 2612 nee
1236 2564 1332 2611 tamen
1347 2552 1440 2612 ullum
1455 2565 1588 2693 apsspnr.

487 2612 618 2666 &nimum
645 2612 786 2667 ΝΜ
814 2612 948 2666 ⁰⁰¹²Vi¹¹⁰5⁸
969 2610 1012 2665 Μ’
1062 2634 1183 2692 ticnlare
1197 2632 1306 2691 bellum
1320 2643 1372 2691 ant
1382 2635 1471 2692 unire
1529 2655 1547 2693 e

486 2682 583 2745 verbis.

522 2752 641 2823 Nonne,
656 2755 750 2824 inquit,
764 2752 850 2811 etiarn
865 2754 920 2811 hoc
930 2773 1012 2812 men-

487 2832 601 2892 dacium
616 2832 750 2892 omnibus
761 2832 946 2891 manifestum
960 2853 1012 2911 np-

488 2913 606 3006 parnit?
640 2912 759 3007 Etenim
774 2913 810 2970 ab
824 2913 905 3007 obitu
915 2912 1011 2971 Maxi·
1061 2973 1091 3010 m

488 2992 576 3051 millae
589 3012 725 3071 usquein
740 2993 817 3051 hunc
834 2993 911 3052 diem
930 2994 1011 3073 plus·

1062 2715 1147 2772 terris
1171 2713 1238 2772 fuit.
1290 2712 1385 2771 Immo
1413 2654 1588 2773 Christiani:

1062 2794 1207 2872 praecipua
1233 2793 1356 2870 quadam
1386 2792 1445 2851 Dei
1475 2793 1586 2853 miseri·

1062 2873 1169 2968 cordip,
1183 2893 1237 2949 pax
1250 2873 1362 2933 stabilis
1375 2884 1406 2932 et
1423 2874 1507 2932 firma
1520 2894 1584 2951 per·
1597 2890 1628 2949 15

850 3228 1214 3278 ...4-

780 3434 833 3498 na
846 3433 923 3499 nno
937 3435 1024 3500 nnn
1037 3436 1163 3520 ηυρλ
1176 3438 1292 3522 αμα.

442 3603 481 3668 V.
539 3590 661 3669 Ὅταν
691 3588 809 3669 τοίνυν
840 3591 878 3667 ἐν
908 3595 1002 3668 πᾶσι
1033 3596 1105 3672 τοῖς
1137 3589 1328 3691 εἰρημένοις
1359 3592 1588 3696 ἐλεγχθέντες

490 3723 739 3828 ἀπορήσουσιν,
757 3726 815 3804 ἐπὶ
833 3722 915 3807 τοὺς
932 3721 1114 3826 μάρτυρας
1132 3724 1366 3829 καταφεύγειν
1384 3733 1585 3829 πειρῶνται·

490 3860 656 3962 λέγοντες
679 3856 840 3941 πολλοὺς
864 3858 956 3961 ἔχειν
978 3856 1170 3958 μάρτυρας,
1189 3860 1247 3935 καὶ
1269 3866 1374 3937 τοῦτο
1398 3854 1486 3937 εἶναι
1511 3892 1639 3938 τεκ-υο

490 3992 618 4097 μήριον
634 3990 767 4074 πιστὸν
785 3997 847 4092 τῆς
866 3990 1045 4090 δυνάμεως
1062 4000 1126 4071 τοῦ
1146 3994 1230 4094 παρ’
1251 3993 1368 4075 αὐτοῖς
1393 3994 1589 4095 λεγομένου

490 4134 713 4233 προφητικοῦ
731 4124 942 4227 πνεύματος.
964 4122 1006 4206 τὸ
1025 4125 1176 4204 δέέστιν
1193 4126 1264 4228 ἄρα
1282 4129 1330 4211 ὡς
1348 4126 1436 4206 ἔοικε
1453 4127 1589 4213 παντὸς

490 4270 635 4363 μᾶλλον
653 4264 716 4342 οὐκ
735 4261 876 4361 ἀληθές.
901 4266 960 4340 καὶ
979 4260 1051 4362 γὰρ
1064 4267 1137 4340 τῶν
1155 4259 1281 4340 ἄλλων
1300 4262 1470 4364 αἱρέσεων
1487 4262 1588 4360 τινές,

490 4399 684 4484 πλείστους
702 4398 811 4484 ὅσους
835 4398 959 4502 ἔχουσι
987 4394 1178 4500 μάρτυρας·
1207 4400 1266 4475 καὶ
1292 4398 1334 4476 ού
1357 4395 1458 4501 παρὰ
1481 4408 1588 4479 τοῦτο

533 4632 691 4710 Postquam
719 4653 788 4692 vero
815 4632 846 4692 in
878 4631 1014 4690 omnibus
1064 4631 1184 4711 spiritus
1202 4630 1394 4690 certissimum
1416 4651 1479 4691 esse
1498 4632 1629 4704 doen-²5

490 4733 555 4791 quae
577 4732 664 4791 supra
685 4714 769 4791 posui
790 4712 925 4781 convicti,
939 4711 1013 4769 nihil
1064 4723 1205 4771 mentum.
1248 4711 1309 4770 Sed
1322 4712 1376 4770 hoc
1390 4732 1456 4770 meo
1470 4713 1588 4790 quidem

490 4794 597 4851 habent
632 4793 711 4869 quod
741 4792 942 4871 respondeant,
976 4792 1013 4850 ad
1060 4792 1181 4868 judicio,
1197 4791 1289 4850 nihilo
1302 4792 1399 4850 verius
1413 4802 1467 4850 est.
1509 4793 1587 4852 Nam

490 4884 631 4952 martyres
662 4873 818 4949 confugere
852 4882 1010 4930 conantur:
1063 4883 1093 4931 et
1115 4872 1235 4930 aliarum
1256 4873 1401 4930 haereseon
1421 4882 1587 4942 sectatores,

490 4964 649 5011 asserentes
680 4952 788 5010 multos
813 4972 844 5011 se
871 4962 1012 5030 martyres
1062 4952 1202 5029 plurimos
1211 4972 1241 5012 se
1252 4953 1356 5010 habere
1364 4962 1506 5031 martyres
1515 4973 1587 5031 proe-

490 5034 604 5102 habere,
620 5032 707 5110 idque
730 5032 868 5111 potentin
887 5032 1012 5108 prophe.
1062 5033 1176 5091 dicant:
1199 5051 1294 5109 neque
1308 5032 1416 5090 idcirco
1429 5045 1528 5091 tamen
1547 5033 1587 5092 eis
1596 5040 1631 5097 30

490 5114 541 5172 tici
573 5113 653 5172 illius
679 5112 730 5189 qui
757 5112 834 5192 apud
862 5112 940 5191 ipsos
967 5123 1012 5171 est
1063 5114 1263 5184 assentiemur,
1272 5132 1326 5171 neo
1334 5113 1487 5171 veritatem
1499 5132 1587 5191 penes
