3917 6467
423 1082 488 1148 462
804 1085 1157 1154 ANNOTATIONES

426 1266 447 1290 ‘⁸
460 1254 506 1317 sic
527 1252 726 1329 describitur,
738 1252 861 1336 Ἀρχωιι
874 1252 1038 1334 Ἀθήνῃσιν
1059 1258 1077 1318 (l
1099 1257 1258 1335 ἑπόιιομοο
1283 1257 1333 1319 sai
1357 1263 1414 1321 τῶν
1437 1259 1506 1322 levia

426 1367 446 1391 ‘⁴
460 1357 614 1439 axem»
628 1357 758 1434 ὅμως.
775 1355 828 1436 ὄψ’
841 1357 875 1419 οὗ
890 1359 919 1420 ol
933 1360 1037 1439 χρόνοι
1051 1362 1312 1438 καταριθμοῦνται
1359 1360 1453 1442 Cujus
1465 1383 1507 1423 no

426 1457 554 1520 “minis
568 1457 652 1521 ratio
672 1457 717 1521 sic
737 1457 914 1542 explicatur
936 1458 969 1520 in
985 1460 1190 1543 Argumenta
1210 1461 1354 1524 secundo
1369 1461 1510 1526 Orationis

426 1568 448 1598 “
465 1559 688 1623 Demosthenis
702 1559 853 1623 adversus
868 1560 1112 1637 Androtionem,
1128 1562 1172 1629 sie
1187 1563 1345 1642 ἐπόνυμοο
1359 1565 1391 1641 ἐξ
1405 1564 1439 1626 οὗ
1451 1565 1509 1626 soii

426 1672 447 1697 ‘⁸
462 1662 596 1727 ἐνιαυτὸς
619 1662 832 1740 ἐπωνομάζετο,
848 1661 938 1747 cujus
960 1662 1086 1725 nomine
1109 1684 1214 1726 annus
1238 1662 1274 1726 in
1296 1662 1407 1728 Fastis
1428 1664 1511 1749 signs·

427 1773 447 1800 ‘⁶
462 1764 566 1828 betur.
612 1763 665 1827 Sic
690 1764 748 1826 sub
773 1786 836 1847 quo
860 1763 1024 1827 Archontc
1047 1763 1132 1827 idem
1156 1763 1423 1839 Atheniensibus,
1445 1767 1511 1851 quod

426 1874 447 1904 “
464 1888 527 1950 qno
550 1887 644 1929 anno.
689 1865 783 1930 (liare
808 1865 983 1929 AEschines
1003 1873 1118 1929 contra
1140 1865 1399 1949 Ctesiphontem,
1414 1871 1460 1931 noi
1473 1894 1512 1946 μοι

426 1975 449 2007 “
464 1969 624 2048 ἀνάγνωθι,
642 1971 694 2032 ἐπί
703 1995 783 2034 τινος
798 1970 952 2051 ἄρχοντος,
965 1969 1014 2031 nai
1024 1971 1111 2031 ποίου
1121 1969 1225 2048 μηνὸς,
1240 1970 1293 2031 καὶ
1308 1971 1344 2032 ἐν
1357 1972 1415 2033 τίνι
1428 1969 1510 2053 nulfo,

426 2081 449 2108 “
464 2093 503 2135 sc
527 2071 553 2134 si
576 2071 790 2156 dixissetque
813 2093 904 2147 anm,
923 2092 981 2155 qun
1006 2070 1082 2132 anni
1103 2091 1209 2146 mnne,
1234 2092 1295 2155 quo
1318 2072 1426 2135 mensis
1447 2070 1511 2135 an?

427 2196 459 2258 p.
477 2176 549 2237 261.
564 2174 693 2237 Dracen.
709 2195 805 2257 snpra
820 2179 1013 2236 memoratae.

470 2275 511 2339 P.
529 2277 601 2354 287.
622 2275 644 2337 l.
666 2297 696 2357 9.
717 2273 827 2358 ἤρχθη]
857 2275 911 2338 lta
937 2273 1081 2337 ediderat
1108 2273 1264 2355 Scaliger,
1292 2276 1379 2358 quod
1405 2276 1512 2338 firmant

426 2378 548 2443 Mssa
559 2378 757 2440 Parisinus.
789 2374 994 2461 ὃοάἠνῷχθοι
1004 2375 1158 2458 syncellus
1175 2376 1343 2440 Guarinus.
1375 2377 1512 2441 Posthac

426 2479 460 2544 in
475 2479 529 2542 lin.
552 2497 599 2542 12.
616 2482 742 2542 Φιλίνου
757 2500 816 2563 pro
831 2478 965 2556 Φιλήνου
979 2476 1061 2540 Seni.

472 2581 554 2645 ibid.
579 2581 600 2643 l.
628 2600 677 2663 13.
701 2580 848 2643 ὑπότευον
877 2577 988 2659 Γράτος
1013 2578 1196 2658 Σοβινιονόο
1218 2578 1377 2660 Ῥωμαίων
1403 2584 1447 2644 καὶ
1467 2580 1511 2643 Σέ-

426 2682 548 2768 λευκος]
572 2682 697 2765 Olymp.
718 2699 790 2765 250.
812 2702 886 2743 ann.
906 2680 1019 2764 primo,
1041 2687 1157 2764 quarto
1179 2689 1291 2744 autem
1314 2682 1436 2767 imperii
1453 2681 1512 2745 uu

426 2787 533 2870 gabali
549 2785 736 2868 (secundum
751 2785 950 2848 usitatiorem
971 2784 1098 2868 quidem
1118 2784 1207 2869 regui
1228 2785 1300 2868 ejus
1322 2785 1512 2871 computatio

429 2895 515 2967 nem)
534 2892 656 2954 Gratus
671 2888 859 2953 Sabinianus
876 2896 910 2953 et
924 2888 1076 2954 Claudius
1092 2888 1242 2952 Seleucus
1258 2889 1414 2954 Consules
1431 2911 1512 2974 appo·

427 2999 559 3055 nuntur.
605 2991 786 3076 Cognomen
806 2999 913 3056 autem
933 2990 1135 3066 Sabinianus,
1151 2990 1199 3054 uti
1220 2991 1367 3056 ostendit
1383 2994 1450 3055 Pet.
1465 2990 1512 3052 Re

427 3093 541 3157 landus
555 3093 588 3156 in
605 3094 690 3157 Fan.
710 3095 795 3157 Uene.
812 3117 841 3178 p.
862 3114 932 3173 142.
947 3094 1154 3170 confirmatur
1167 3116 1209 3156 ex
1223 3094 1332 3156 Fastis
1347 3092 1513 3157 Famulus

426 3194 613 3271 Minosibus,
637 3203 671 3259 et
695 3196 898 3281 Fragmentis
922 3197 1034 3259 Dionia
1058 3195 1166 3258 Cassii.
1193 3217 1267 3279 pag.
1294 3215 1368 3280 9⁹¹·
1414 3197 1512 3258 Censet

429 3297 511 3361 idem
528 3298 689 3361 Relandus
706 3299 886 3361 Servianum
909 3297 970 3360 dici
987 3297 1110 3371 Latine,
1127 3297 1180 3382 qui
1202 3295 1327 3359 Graecis
1347 3295 1511 3376 Senecionis,

429 3421 490 3461 non
517 3401 740 3472 Severinum,-
765 3423 822 3484 pro
847 3400 1022 3479 Σευεριονὸς
1044 3399 1126 3461 enim
1152 3398 1289 3481 Syneelli
1315 3398 1447 3462 Goarini
1466 3397 1512 3458 lec

429 3503 516 3566 tione
541 3502 689 3583 Scaliger,
715 3502 808 3585 idque
833 3524 915 3564 nnnc
939 3501 1199 3564 confirmantibus
1220 3503 1379 3564 Parisinis
1403 3497 1513 3583 Syneeli'

428 3606 561 3689 scriptis,
576 3605 817 3688 imprimendum
834 3611 1002 3665 curaverat
1014 3604 1203 3680 Σοβιοιοοός.
1244 3603 1318 3667 Ηοο
1330 3614 1436 3667 autem
1446 3621 1513 3665 anno

430 3706 647 3768 temiinan'sse
662 3729 741 3789 opus
757 3728 847 3768 sunm
864 3705 912 3767 De
925 3704 1133 3787 Temporibus
1147 3704 1272 3768 monuit
1290 3705 1431 3789 Scaliger
1441 3725 1513 3767 aceu-

430 3807 635 3882 ratissimum,
644 3819 680 3871 ut
691 3808 749 3883 ait,
759 3818 938 3891 temporum
950 3807 1184 3868 observatorem
1196 3806 1219 3867 J
1222 3806 1322 3869 ulium
1336 3808 1513 3870 Africanum.

432 3908 596 3973 Conferet
613 3912 706 3972 Num.
725 3933 751 3972 n.
766 3910 807 3972 ad
824 3909 877 3971 fin.

475 4012 558 4073 ibid,
574 4013 594 4074 l.
617 4033 623 4073 1
632 4034 661 4094 5.
679 4015 727 4074 inl
742 4012 775 4073 τὸ
792 4009 904 4096 filis»
922 4011 987 4075 ἔτος
1001 4014 1052 4071 τοῦ
1073 4011 1198 4092 κόσμου]
1220 4010 1275 4072 lta
1296 4009 1329 4073 in
1351 4012 1411 4074 hac
1431 4011 1516 4074 altera

430 4110 568 4175 editione
584 4135 666 4175 nunc
687 4112 817 4188 mutavi,
831 4112 1031 4174 Dindorfium
1042 4119 1169 4174 secutus
1179 4134 1218 4173 ex
1233 4113 1309 4175 MS.
1320 4113 1416 4176 altem
1428 4111 1515 4174 Parin

430 4213 639 4296 corrigentem
656 4216 704 4276 ἐπὶ
718 4218 757 4299 τῷ
774 4223 806 4277 et
823 4215 891 4288 ἔτει,
908 4236 978 4297 qnae
995 4213 1102 4275 insunt
1118 4212 1217 4275 Gonri
1234 4213 1392 4296 Syncello.

476 4314 555 4376 lbid.
571 4315 591 4377 l.
614 4319 660 4378 16.
679 4320 731 4379 τοῦ
755 4318 802 4378 καὶ
824 4314 963 4399 Αὐείτου]
988 4313 1062 4377 MS.
1084 4318 1135 4377 τοῦ
1159 4315 1207 4376 καὶ
1233 4315 1389 4395 Αὐγέντου
1419 4317 1471 4394 (ita
1492 4322 1518 4375 et

430 4415 504 4477 MS.
521 4424 641 4499 utaque
657 4418 829 4493 Parisinus,
846 4440 979 4501 qnorum
994 4417 1081 4500 prior
1095 4416 1230 4479 fortasse
1244 4426 1296 4480 est
1311 4418 1362 4481 hic
1379 4418 1520 4482 Goarinus

432 4515 531 4597 MS).
577 4517 718 4603 Scaliger
741 4519 824 4581 idem
848 4519 973 4602 reponit
998 4520 1029 4580 in
1053 4526 1157 4594 textu,
1184 4518 1342 4603 (Scaliger
1368 4521 1463 4584 habet
1484 4518 1522 4580 καὶ

432 4617 599 4698 Αὐγέοτου)
616 4620 648 4682 in
665 4621 815 4685 Aninrad.
833 4623 975 4684 Αὐείτοοε
993 4620 1142 4683 usitatius
1153 4643 1212 4705 ego
1225 4625 1277 4683 τοῦ
1289 4624 1338 4684 καὶ
1351 4625 1521 4704 Αὐγούστου.

432 4718 504 4781 Non
520 4720 688 4803 Augentus
707 4723 799 4795 enim,
816 4745 873 4785 nee
890 4722 1015 4799 Avitus,
1033 4725 1087 4786 sed
1105 4723 1236 4785 Marcus
1253 4724 1333 4785 Aur.
1352 4725 1524 4788 Antoninus

431 4821 600 4904 Augustus
614 4824 776 4901 audiebat,
791 4825 844 4908 qui
857 4825 1086 4910 Heliogabalus
1102 4825 1149 4887 vel
1165 4824 1374 4908 Alagabalus.
1401 4829 1524 4891 Gonnus.

432 4918 494 4984 Sed
515 4922 635 4985 fallitur
651 4926 789 5003 Goarns,
804 4949 878 4989 nam
894 4926 1080 5010 Xiphilinus
1096 4926 1208 4989 Dionis
1225 4925 1433 5010 Epitomator
1449 4925 1525 4991 Aiiti

430 5019 585 5106 (Ἀβίτοο)
610 5047 723 5089 nomen
739 5027 915 5111 Elagabalo
939 5028 971 5090 in
988 5029 1054 5091 Vita
1079 5028 1147 5112 ejus
1169 5028 1333 5105 attribuit,
1349 5052 1381 5113 p.
1397 5050 1468 5113 347.
1483 5027 1525 5090 ed.

431 5120 470 5183 R.
488 5122 600 5209 Steph.
647 5127 723 5190 Vid.
740 5136 772 5191 et
790 5130 1013 5213 Imperatorum
1034 5132 1147 5194 Seriem
1169 5131 1309 5194 Okenoi.
1325 5155 1346 5195 a
1368 5131 1526 5216 Sylburgio
