3917 6467
423 1081 489 1141 500
795 1074 1150 1140 ANNOTATIONES

426 1245 562 1323 videtur,
576 1245 609 1307 in
625 1242 718 1307 Notis
733 1243 790 1307 col.
809 1247 882 1328 236.
897 1243 1087 1320 adduxerat,
1102 1243 1159 1308 sed
1179 1241 1312 1308 finitum
1336 1243 1440 1305 verbis
1459 1241 1520 1318 illis

427 1347 469 1414 Iu
483 1367 511 1408 se
525 1367 621 1409 οοιιιοι
635 1344 831 1408 anui-ortui
846 1345 1011 1412 iuocxxvr.

473 1448 510 1510 P.
525 1466 598 1530 309.
621 1446 642 1510 l.
659 1468 688 1531 9.
712 1445 927 1533 Oetaolysmo]
950 1445 1030 1511 Post
1046 1444 1236 1527 cardamo
1255 1443 1361 1511 habet
1375 1443 1442 1507 Nos
1455 1441 1524 1506 Val-

428 1549 551 1626 larsius,
566 1550 622 1612 sed
637 1547 780 1612 convenit
795 1570 866 1612 cum
883 1546 1081 1612 Mertonensi
1098 1549 1273 1612 Pontaeus.

473 1649 556 1713 Ibid.
573 1649 648 1713 anni
662 1651 808 1734 flocum]
835 1650 882 1713 At
899 1649 1026 1716 minime
1041 1648 1173 1712 dubium
1187 1654 1252 1724 est,
1268 1646 1350 1733 quin
1365 1645 1525 1709 Africanus

337 1746 341 1752 ’
428 1772 529 1815 annos
553 1754 647 1816 2262.
671 1773 692 1814 a
716 1751 840 1816 Mundo
864 1751 1000 1815 condito
1025 1750 1068 1817 ad
1093 1748 1339 1833 Cataclysmum
1364 1745 1524 1830 collegerit„

428 1855 519 1935 cujus
534 1853 630 1916 verba
651 1852 746 1916 attuli
767 1852 800 1914 in
820 1852 905 1932 ῥήσει
920 1874 987 1916 vm.
1003 1873 1075 1935 pag.
1089 1870 1163 1934 243.
1209 1849 1256 1914 Et
1279 1871 1413 1914 eausam
1434 1846 1526 1912 additi

428 1953 563 2019 vicennii
584 1954 631 2017 ita
653 1953 801 2038 exposuit
822 1952 980 2039 Georgius
1000 1952 1163 2038 Syneellus
1184 1975 1217 2036 p.
1236 1970 1289 2016 20.
1311 1949 1525 2035 θάνοοορτορά.

430 2055 622 2118 Μοθουσάλο
642 2058 802 2136 γενόμενος
823 2055 928 2119 ἑκατὸν
949 2057 1090 2133 ἑξήκοντα
1110 2057 1184 2117 ἑπτὰ
1203 2056 1281 2119 ἑτῶν
1303 2055 1470 2136 ἐγέννησεν
1482 2053 1526 2115 τὸν

429 2158 536 2239 Λάμεχ
557 2161 596 2241 τῷ
616 2160 760 2242 χιλιοστῷ
781 2160 1015 2241 τετρακοσιοστῷ
1037 2160 1224 2240 πεντεκοστῷ
1247 2156 1380 2240 τετάρτῳ
1403 2156 1463 2218 ἔτει
1482 2158 1526 2217 τοῦ

430 2261 551 2337 κόσμον.
575 2261 642 2322 τινὰ
657 2260 689 2321 δὲ
704 2264 762 2321 τῶν
778 2258 968 2340 ἀντιγράφων
983 2260 1022 2342 τῷ
1040 2260 1188 2341 ἑκατοστῷ
1203 2259 1399 2342 ὀγδοηκοστῷ
1419 2259 1526 2338 ἑβδόμη

299 2432 302 2436 ,
430 2361 490 2425 ἔτει
513 2362 602 2424 αὐτοῦ
624 2360 815 2424 Μοθουσάλο
837 2360 983 2443 φέρουσιν
997 2360 1051 2441 τὴν
1065 2360 1208 2441 γέννησιν
1230 2360 1353 2442 Λάμεχ·
1377 2361 1424 2424 οἷς
1450 2359 1525 2421 καὶὸ

429 2460 610 2545 Ἀφρικανὸς
635 2460 843 2540 ἀκολουθήσας
867 2463 907 2548 τῷ
934 2464 1127 2546 δισχιλιοστῷ
1155 2464 1356 2545 διακοσιοστῷ
1389 2461 1525 2542 ἑξηκοστῷ

429 2564 556 2649 δευτέρῳ
579 2562 639 2626 ἔτει
660 2567 713 2626 τοῦ
736 2564 847 2640 κόσμον
865 2562 918 2625 τὸν
933 2564 981 2626 ἐπὶ
995 2568 1065 2625 Νῶε
1080 2560 1293 2640 κατακλυσμὸν
1310 2560 1525 2646 ἑστοιχείωσεν.

429 2664 547 2730 Confer
561 2665 639 2728 item
654 2671 720 2727 not.
736 2664 779 2728 ud
794 2662 893 2727 Num.
906 2687 948 2729 vr.
964 2687 995 2749 p.
1005 2666 1079 2748 365.
1124 2662 1188 2726 Sed
1203 2664 1244 2726 de
1266 2661 1410 2729 numeris
1429 2659 1525 2746 pleris-

430 2789 502 2852 que,
529 2766 583 2851 qui
607 2773 794 2849 sequuntur,
820 2787 902 2829 verae
927 2764 1072 2829 Africani
1099 2764 1313 2849 chronologiae
1339 2771 1439 2848 atque
1463 2761 1526 2824 huic

430 2868 610 2954 fragmento
625 2868 705 2930 bene
721 2867 877 2932 convenit.

475 2969 559 3033 Ibid.
575 2970 595 3032 l.
610 2987 656 3032 12.
673 2969 748 3033 anni
763 2971 919 3054 ccccxxx-l
945 2968 1061 3034 Confer
1073 2968 1168 3035 Num.
1186 2990 1229 3035 rx.
1247 2973 1281 3030 et
1296 2972 1368 3031 not.
1383 2966 1427 3029 ad
1442 2964 1526 3033 uum.

432 3093 511 3134 xxn.
533 3094 564 3156 p.
582 3090 657 3155 432.

475 3173 559 3236 Ibid.
575 3172 596 3234 l.
611 3191 657 3257 13.
673 3193 725 3236 an.
741 3175 803 3257 nu]
825 3171 904 3236 Vide
918 3179 986 3237 not.
1001 3171 1043 3235 ad
1059 3171 1152 3234 Num.
1166 3192 1245 3232 xxn.
1262 3190 1337 3254 pag.
1348 3188 1425 3254 432.

476 3274 558 3336 Ibid.
575 3273 594 3336 l.
612 3275 659 3337 18.
674 3273 750 3338 anni
764 3276 890 3356 ccxxx]
914 3274 969 3337 Ita
984 3272 1111 3356 quidem
1126 3279 1160 3336 et
1175 3272 1250 3336 alibi
1265 3271 1459 3358 Africanum
1480 3293 1527 3334 an·

430 3398 488 3440 nos
511 3385 618 3439 tamen
643 3395 714 3458 233.
738 3375 864 3459 collegit
887 3374 1086 3459 Augustinus
1108 3373 1162 3440 lib.
1180 3373 1234 3439 xii.
1250 3361 1457 3438 De³Gioitete
1472 3373 1525 3436 Dei

430 3499 498 3560 cap.
515 3497 562 3538 ιο.
578 3499 599 3540 a
614 3476 733 3539 Persici
748 3477 835 3561 regni
852 3477 942 3539 initio
957 3499 1056 3559 usque
1071 3476 1112 3539 ad
1128 3475 1306 3541 Alexandri
1323 3475 1496 3544 victoriam

476 3581 558 3645 Ibid.
573 3581 594 3643 l.
611 3600 660 3644 20.
677 3581 751 3643 anni
768 3579 891 3663 numu]
916 3582 965 3644 At
981 3602 1054 3642 vero
1070 3602 1109 3642 ex
1126 3580 1218 3642 Num.
1235 3602 1321 3642 xiix.
1337 3602 1369 3664 p.
1382 3601 1454 3664 293.
1470 3602 1526 3643 cer·

430 3692 498 3746 turn
514 3705 582 3744 esse
597 3683 721 3745 videtur
733 3682 911 3744 interfuisse
926 3704 984 3764 pro
996 3681 1137 3744 Africani
1152 3681 1332 3745 rationibus
1347 3703 1448 3745 annos
1464 3690 1525 3745 tan·

430 3792 499 3850 tum
515 3787 566 3867 58.
585 3784 744 3847 mensibus
766 3784 887 3867 aliquot
902 3783 1038 3846 fortasse
1059 3782 1312 3860 excurrentibus,
1329 3783 1415 3846 inter
1431 3784 1527 3847 Ptole·

430 3908 579 3947 murorum
596 3907 741 3948 occasum
757 3892 790 3947 et
806 3884 925 3946 Christi
941 3885 1214 3948 resurrectionem.

475 3988 558 4050 Ibid.
582 3988 613 4049 in
629 4010 663 4050 se
678 4008 786 4049 omnes
807 3985 896 4070 anni]
922 3987 1041 4050 Itidem
1056 3986 1088 4048 in
1107 3985 1277 4069 Adjunctis
1299 3994 1375 4070 post
1393 3984 1527 4049 Africani

431 4097 575 4172 tempora
605 4088 703 4151 habet
733 4088 784 4150 hic
815 4088 1125 4173 Recensus—qui
1146 4088 1269 4170 facient
1297 4087 1331 4150 in
1362 4110 1396 4151 se
1426 4108 1526 4151 rrwrucs

434 4210 546 4272 12511.

477 4290 560 4352 lbid.
583 4289 602 4352 l.
621 4309 670 4352 21.
695 4292 873 4372 vnccxxv1.]
904 4290 1015 4355 Edidit
1032 4292 1209 4355 Vallarsius
1232 4314 1359 4376 quoque
1383 4314 1529 4354 uuuuun

431 4414 551 4453 ccxxvn
598 4392 747 4455 Ostendit
770 4400 803 4455 et
826 4391 894 4474 ipsa
917 4414 1042 4475 quoque
1064 4416 1229 4470 annorum,
1245 4394 1298 4476 qui
1315 4416 1414 4478 supra
1430 4395 1462 4456 in
1476 4396 1529 4457 hoo

432 4493 575 4555 Recensu
591 4493 768 4578 signantur,
786 4492 918 4555 collecta
933 4516 1067 4569 summa,
1084 4495 1109 4557 si
1125 4496 1219 4558 modo
1235 4496 1304 4559 sani
1320 4497 1387 4561 sint
1402 4496 1529 4571 numeri,

432 4594 632 4658 scribendum
648 4595 707 4658 hoc
723 4595 791 4657 loco
807 4616 876 4655 esse
892 4595 1023 4658 inxxvr.
1071 4597 1228 4661 Attamen
1243 4619 1358 4660 revera
1374 4599 1532 4684 collegisse

432 4696 491 4758 sibi
509 4695 695 4764 Africanum
710 4719 810 4760 annos
826 4693 960 4759 inxxxr.
979 4698 1058 4761 sutis
1074 4721 1230 4783 superque
1246 4708 1385 4764 constat.

477 4797 562 4859 Ibid.
580 4797 598 4858 l.
613 4817 662 4876 24.
677 4798 751 4860 anni
763 4800 927 4882 cnxxxrv]
947 4801 1001 4862 Ad
1017 4808 1163 4885 tempora
1177 4800 1331 4863 Africano
1348 4802 1532 4886 posteriora,

433 4906 530 4983 atque
541 4902 622 4985 Imp.
635 4900 659 4962 J
662 4900 800 4963 ulianum
815 4901 995 4986 attigendo,
1007 4902 1177 4986 pertinent,
1188 4923 1258 4984 quae
1274 4902 1343 4965 haee
1359 4911 1531 4987 sequuntur

434 5002 466 5063 in
483 5003 593 5067 MSto.
645 5003 840 5087 Fragmento
855 5012 962 5067 autern
979 5003 1060 5068 istoc
1075 5004 1213 5067 adducto
1235 5003 1327 5066 addit
1342 5004 1531 5081 Dodwellus,

435 5112 453 5139 ‘⁴
470 5105 602 5170 Errores
627 5106 711 5190 ipsos
737 5105 1032 5190 repraesentavimus
1054 5128 1129 5168 sane
1151 5104 1342 5172 foedissimos
1365 5106 1529 5191 imperitis·
