3917 6467
430 1105 497 1170 om
811 1104 1166 1171 ANNOTATIONES

432 1277 540 1353 verba,
556 1298 627 1361 quae
643 1275 791 1340 Valesius
805 1276 873 1360 ipse
892 1277 1023 1363 reeepit.
1070 1277 1207 1342 Interim
1222 1283 1317 1340 extat
1334 1275 1408 1338 illud
1427 1274 1508 1338 aum

431 1379 654 1462 reooajunctum
670 1398 742 1441 enm
757 1377 789 1441 in
801 1378 940 1443 editione
951 1378 1005 1444 illa
1015 1378 1174 1455 Romana,
1184 1386 1255 1443 tum
1265 1377 1301 1441 in
1312 1376 1432 1441 dnobus
1441 1376 1509 1440 oodd

432 1480 560 1566 seriptis
576 1480 693 1557 Rufini,
710 1479 763 1564 qui
779 1481 811 1543 in
827 1480 886 1544 hoo
902 1480 1045 1565 Collegio
1060 1480 1094 1544 S.
1108 1479 1316 1564 Magdalenre
1329 1478 1406 1543 mihi
1419 1486 1511 1564 prm

432 1591 519 1646 sunt.
560 1581 705 1665 Denique
720 1603 778 1665 pro
789 1580 1001 1659 συνεπετλάκη
1013 1579 1198 1665 suffragInm
1213 1580 1317 1645 addas
1331 1579 1511 1644 rudici-edla

430 1684 488 1747 sed
511 1682 684 1758 ἐπεπλάιιει,
700 1683 784 1766 quod
803 1688 960 1766 praestant
974 1681 1059 1745 oodd.
1083 1681 1209 1745 Versetur
1223 1680 1401 1745 Plemini
1419 1689 1450 1743 et
1470 1679 1510 1741 Vs·

431 1787 560 1857 timaus,
579 1784 697 1870 recepit
713 1784 746 1847 in
761 1791 887 1848 textum
902 1805 995 1848 sunm
1010 1782 1182 1848 Burtonus.

479 1888 515 1950 P.
534 1905 606 1971 232.
623 1887 644 1949 l.
664 1906 711 1949 11.
728 1885 934 1949 ἀναστάσεσιν
949 1884 1093 1970 ἀτέκνων]
1106 1883 1163 1947 Vir
1176 1883 1382 1948 doetissimus
1393 1884 1513 1948 Jonnns

434 1989 562 2073 Longus
577 1988 629 2072 qni
646 1987 864 2071 Nioephorum
880 1985 996 2051 Latine
1011 1986 1242 2071 intel-pietatus
1256 1992 1319 2058 est,
1336 1984 1420 2049 hnno
1433 1984 1514 2050 loona

431 2089 477 2154 itn
491 2090 598 2154 vertit.
642 2088 809 2174 Implicoto
823 2089 901 2152 αιιῗιιι
918 2089 998 2152 iuter
1018 2109 1049 2152 se
1065 2097 1135 2152 aaut
1151 2108 1274 2172 ριιιστα,
1290 2097 1321 2151 a
1339 2086 1420 2173 qaod
1435 2109 1455 2151 α
1471 2088 1515 2152 Se

431 2193 544 2256 Ισνισιιι
565 2200 593 2255 et
614 2190 692 2276 quod
713 2213 735 2254 α
748 2190 879 2254 ΝατΙιαιι
900 2189 1064 2266 άσιωαάὶι,
1077 2190 1344 2275 representatione
1366 2189 1516 2274 mori

429 2290 604 2356 liderosaoa
614 2301 761 2356 amassent
770 2292 963 2377 socordesque
971 2290 1371 2378 nopritmmaxuaam
1381 2290 1515 2354 ιιιιιίιιιι

431 2390 567 2456 Rufinus
581 2414 656 2456 vero
671 2393 800 2456 liberius
815 2392 952 2476 quidem,
962 2393 1019 2457 sed
1034 2414 1096 2456 non
1111 2392 1178 2459 n'ne
1193 2391 1354 2477 elegantia
1368 2391 1417 2456 its
1430 2390 1516 2455 vertit

430 2494 664 2576 Reooajicadum
682 2515 813 2579 nomque
829 2493 890 2558 eidi
909 2504 951 2558 est
969 2493 1096 2557 iaoioem
1113 2514 1214 2578 ριιιιιι,
1230 2502 1258 2557 et
1276 2493 1361 2557 illud
1382 2493 1463 2578 quod
1474 2514 1518 2578 pr

431 2592 626 2667 Summam,
641 2601 668 2655 a
682 2592 764 2656 illud
775 2593 856 2678 quod
861 2614 921 2677 por
934 2592 1066 2657 Ναιάαιι
1080 2593 1251 2669 deducitur,
1260 2615 1325 2678 per
1344 2593 1450 2680 Ιαρσὶιι
1464 2591 1517 2658 nl

429 2694 597 2759 dilationes
615 2693 809 2779 quoefiedaot
826 2694 874 2758 die
892 2696 947 2780 qui
964 2696 1029 2759 eine
1049 2694 1153 2760 literis
1170 2695 1361 2770 άσσσάοάαιιι,
1376 2706 1405 2760 σι
1416 2719 1475 2783 ρει·
1488 2717 1519 2760 ιν

429 2795 546 2859 caridus
567 2795 762 2860 nihilominus
783 2797 919 2881 παριᾶσι,
936 2794 1043 2882 quidue
1064 2817 1143 2860 oeus
1164 2805 1254 2881 atque
1275 2797 1359 2861 idem
1384 2797 1458 2867 aliie
1474 2817 1520 2882 pe

430 2895 565 2960 mata
581 2897 765 2981 prepeditus,
783 2898 915 2961 αάαιτιια
936 2919 995 2962 esee
1005 2897 1101 2983 filius
1123 2896 1291 2962 uidebatur.
1338 2899 1456 2964 Omisit
1469 2899 1520 2963 Bu

429 2997 514 3061 finus
526 2998 624 3062 verba
641 2998 695 3061 illa
712 2998 856 3063 Afrioani
877 2998 926 3064 καὶ
946 2999 1134 3063 ἀναστάσεσι
1153 3005 1345 3080 σπερμάτων,
1359 3021 1432 3086 quae
1450 3006 1521 3065 nerle

429 3098 590 3184 superflua
603 3099 760 3164 videntur.
805 3100 886 3165 Oum
900 3101 986 3165 enim
998 3102 1066 3186 jam
1080 3116 1176 3166 antea
1191 3100 1312 3167 dixerit
1331 3102 1521 3167 ἀναστάσεσιν

430 3200 563 3264 ἀτέκνων
579 3203 741 3285 rejunotus
763 3201 860 3266 fuisse
882 3201 1029 3279 familias,
1045 3201 1120 3287 quid
1144 3224 1223 3287 opus
1248 3210 1299 3267 est
1323 3204 1443 3269 addere
1464 3207 1521 3269 ἀνα

429 3302 579 3367 στάσεσιν
593 3302 780 3383 σπερμάτων,
794 3303 879 3387 quod
894 3325 991 3366 unum
1007 3303 1152 3388 idemque
1166 3311 1217 3367 est
1231 3310 1318 3368 teste
1335 3304 1522 3370 Afrloanoin

430 3403 491 3466 hae
506 3403 575 3486 ipsa
589 3405 630 3468 ad
648 3405 825 3468 Aristidem
841 3404 985 3489 epistola.
1024 3406 1243 3469 Damesoenus
1259 3427 1387 3491 quoqne
1401 3407 1520 3471 inOrat.

430 3524 461 3588 3.
478 3505 518 3567 de
541 3505 719 3570 Nativitote
740 3506 778 3569 B.
798 3507 922 3582 Mamm,
938 3507 1045 3571 omisit
1065 3507 1133 3570 haeo
1154 3507 1260 3570 verbe.
1307 3509 1462 3572 Ceterum
1480 3509 1522 3572 ot

429 3628 557 3669 soumm
572 3615 621 3672 est
637 3608 721 3691 quod
736 3607 788 3670 hio
802 3608 849 3672 ait
865 3608 1046 3683 Africanus,
1059 3609 1260 3693 reparatione
1276 3608 1399 3674 soilioet
1411 3610 1522 3674 seminis

427 3729 539 3771 eorum
552 3710 607 3793 qui
620 3709 690 3772 sine
702 3708 807 3772 liberis
818 3710 1038 3786 decessissent,
1049 3710 1173 3773 misceri
1184 3708 1296 3773 solitas
1307 3733 1380 3776 osse
1391 3712 1521 3776 familias

431 3810 515 3873 Nam
530 3811 655 3894 quoties
670 3810 771 3874 frater
785 3811 896 3875 eodem
912 3818 1004 3895 patre
1022 3819 1118 3875 natus
1138 3810 1283 3874 relictam
1302 3810 1417 3876 fratris
1436 3813 1482 3876 sui
1499 3813 1521 3875 in

426 3911 608 3996 eonjugium
634 3913 782 3987 ducebat,
807 3913 893 3976 nulla
919 3920 990 3976 erat
1016 3912 1197 3997 agnationis
1222 3913 1375 3976 mutatio.
1421 3914 1482 3977 Sed
1503 3910 1521 3975 si

428 4011 512 4075 forte
526 4013 627 4076 frater
641 4014 796 4089 uterinus,
811 4013 939 4077 viduam
954 4014 1064 4076 fratris
1078 4015 1126 4076 sni
1144 4035 1277 4076 uxomm
1299 4014 1443 4089 duceret,
1459 4023 1521 4078 tuno

428 4113 535 4196 aliqua
563 4114 753 4177 familiarum
783 4116 953 4199 permixtio
980 4115 1065 4178 nasei
1091 4124 1229 4200 poterat.
1278 4117 1397 4199 Itaque
1421 4116 1522 4180 merito

427 4215 553 4278 addidit
570 4215 740 4278 Africanus
756 4217 803 4278 καὶ
818 4219 1066 4297 ὄεστερογαμίαις.
1106 4218 1188 4279 Haeo
1203 4216 1286 4278 enim
1302 4217 1467 4301 praeoipua
1476 4214 1523 4279 fuit

350 4392 353 4397 1
428 4337 525 4379 oeusa
543 4316 762 4400 permixtionis
785 4317 987 4392 familiarum,
1004 4318 1129 4401 quoties
1153 4316 1264 4379 mulier
1288 4319 1448 4402 susceptis
1465 4318 1522 4402 jam

428 4417 534 4480 liberis
549 4440 588 4480 ex
600 4419 704 4501 priora
715 4419 927 4495 matrimonio,
938 4420 980 4482 ed
996 4420 1150 4482 secundas
1162 4418 1289 4502 nuptias
1301 4420 1521 4492 transvolabunt

427 4526 462 4582 et
476 4517 557 4581 filios
571 4541 610 4581 ex
632 4520 806 4604 posteriore
828 4521 926 4583 etiam
940 4521 1008 4583 viro
1029 4519 1184 4604 pariebat.
1228 4519 1301 4598 Quo
1319 4519 1420 4595 facto,
1435 4520 1523 4583 filiun

426 4641 466 4682 ex
490 4619 594 4703 priore
616 4620 818 4684 matrimonio
838 4629 959 4697 natum,
985 4643 1116 4684 uxorem
1141 4620 1280 4695 duxisse,
1305 4627 1339 4683 et
1367 4621 1522 4705 improlem

426 4728 539 4804 postea
554 4720 668 4784 obiisse
683 4721 848 4804 fingamus.
889 4723 977 4785 Tune
993 4723 1019 4785 si
1035 4723 1136 4786 frater
1150 4722 1232 4785 illins
1246 4722 1394 4787 uterinus
1404 4724 1521 4787 viduam

425 4822 458 4884 in
480 4821 659 4906 eonjugium
680 4822 816 4899 duxerit,
833 4831 866 4887 et
887 4846 928 4887 ex
948 4846 988 4887 ee
1007 4824 1122 4888 liberos
1146 4823 1321 4896 sustulerit,
1336 4824 1372 4887 in
1396 4844 1521 4909 persona

425 4922 596 4986 liberorum
611 4923 672 4986 erit
684 4923 790 5006 aliqua
801 4924 991 4987 familiarum
1003 4925 1156 5001 confusio,
1165 4925 1212 4988 ite
1222 4932 1260 4988 ut
1271 4931 1391 4989 natura
1402 4926 1520 5009 quiden

426 5023 538 5107 hujus:
563 5023 632 5106 lege
657 5032 775 5095 autem,
800 5024 881 5087 illius
906 5024 960 5088 filii
985 5027 1133 5091 dieantur
1155 5028 1329 5090 Numerus.
1377 5028 1518 5092 Forsitan

427 5123 524 5186 verba
544 5125 749 5189 ἀναστάσεσιν
767 5125 815 5189 vel
833 5127 1001 5191 ἀναστάσει
1021 5128 1198 5208 σπερμάτων
1216 5128 1355 5211 rejioulis
1376 5129 1516 5193 adnume-
