3917 6467
741 1074 999 1140 CONCILIUM
1024 1076 1345 1141 LUGDUNENSE.
1553 1079 1590 1140 41

488 1244 688 1343 ἀλλήλους,
707 1246 809 1331 εὐθὺς
826 1246 1045 1349 είρήνευσαν·
1075 1251 1156 1351 περὶ
1173 1248 1301 1327 τούτου
1318 1255 1382 1327 τοῦ
1397 1249 1594 1352 κεφαλαίου

486 1377 540 1478 μὴ
560 1380 885 1483 φιλεριστήσαντες
902 1393 949 1466 εὶς
973 1383 1129 1465 ἑαυτούς.
1161 1384 1240 1461 οὔτε
1269 1381 1341 1484 γὰρ
1370 1383 1594 1481 ὁἈνίκητος

486 1508 552 1589 τὸν
581 1511 827 1616 Πολύκαρπον
854 1522 977 1594 πεῖσαι
1006 1514 1152 1594 ἐδύνατο
1180 1512 1230 1613 μὴ
1258 1522 1386 1616 τηρεῖν,
1414 1510 1474 1594 ἅτε
1502 1512 1594 1612 μετὰ

484 1646 656 1726 Ἰωάννου
672 1657 737 1726 τοῦ
756 1655 917 1748 μαθητοῦ
935 1659 999 1729 τοῦ
1016 1653 1149 1754 Κυρίου
1168 1651 1279 1749 ἡμῶν,
1294 1651 1352 1729 καὶ
1370 1656 1443 1728 τῶν
1455 1658 1593 1730 λοιπῶν

458 1780 709 1861 5ἀποστόλων
727 1781 779 1867 οἷς
797 1784 1059 1890 συνδιέτριψεν,
1080 1787 1133 1863 ἀεὶ
1151 1783 1384 1886 τετηρηκίτα·
1414 1786 1494 1863 οὕτε
1518 1784 1591 1884 μὴν

486 1916 507 1992 ὁ
527 1914 769 2019 Πολύκιιρπος
787 1915 851 1996 τὸν
866 1919 1055 2017 Ἀνίκητον
1073 1917 1193 1997 ἔπεισε
1211 1925 1340 2019 τηρεῖν,
1353 1918 1508 2019 λέγοντα
1526 1918 1592 2017 τὴν

485 2052 680 2151 συνήθειαν
689 2060 763 2132 τῶν
775 2051 847 2157 πρὸ
860 2055 969 2132 αὐτοῦ
980 2053 1236 2156 πρεσβυτέρων
1248 2055 1408 2159 ὀφείλειν
1422 2054 1590 2158 κατέχειν.

485 2188 546 2264 καὶ
565 2185 701 2265 τούτων
719 2188 830 2269 οὕτως
848 2186 1013 2291 ἐχόντων,
1031 2186 1271 2287 ἐκοινώνησαν
1289 2189 1437 2271 ἑαυτοῖς·
1469 2190 1528 2267 καὶ
1553 2189 1592 2267 ἐν

484 2321 725 2425 τῇἐκκλησίρ
740 2320 1000 2424 παρεχώρησεν
1019 2324 1039 2401 ὁ
1058 2322 1246 2421 Ἀνίκητος
1268 2321 1335 2420 τὴν
1359 2323 1590 2426 εὐχαριστίαν

438 2458 539 2559 ιοτῷ
557 2452 790 2560 Πολυκάρπῳ
803 2461 880 2533 κατ’
893 2454 1068 2556 ἐντροπὴν
1086 2453 1264 2554 δηλονότι,
1286 2460 1344 2535 καὶ
1362 2458 1436 2553 μετ’
1452 2456 1591 2558 εἰρήνης

485 2589 549 2667 ἀπ’
571 2585 747 2688 ἀλλήλων
771 2588 1055 2689 ἀπηλλάγησαν,
1077 2589 1200 2689 πάσης
1225 2593 1289 2688 τῆς
1313 2591 1508 2689 ἐκκλησίας
1536 2595 1585 2669 εἱ-

483 2721 598 2825 ρήνην
608 2724 763 2828 ε’χόντων
775 2727 833 2805 καὶ
846 2732 919 2805 τῶν
932 2725 1134 2827 τηρούντων
1154 2729 1211 2805 καὶ
1222 2732 1297 2804 τῶν
1309 2723 1360 2824 μὴ
1374 2724 1588 2828 τηρούντων,

483 2857 577 2937 Apud
592 2857 755 2918 Eusebium
770 2859 889 2919 ibidem.
951 2830 953 2835 Ι

482 3075 543 3113 που
557 3049 732 3133 magnopere
747 3056 823 3115 iuter
839 3076 871 3114 se
889 3069 1010 3116 conten·
1062 3059 1296 3138 presbyterorum
1315 3075 1423 3114 morem
1444 3056 1499 3115 sibi
1518 3057 1588 3114 reti·

436 3134 595 3202 ¹5dentes
637 3136 743 3212 Neque
765 3137 843 3194 enim
865 3135 1011 3197 Anicetus
1061 3137 1190 3196 nendum
1205 3156 1267 3195 esse
1282 3136 1401 3194 diceret.
1431 3135 1506 3206 Quae
1521 3156 1587 3194 cum

483 3214 648 3293 Polycarpo
679 3216 854 3293 persuadere
881 3235 1009 3293 unquam
1061 3218 1102 3277 ita
1121 3238 1152 3276 se
1170 3218 1321 3283 baberent,
1336 3216 1588 3274 communicarunt

481 3305 599 3373 poterat
620 3305 656 3352 ut
677 3296 829 3355 observare
854 3295 1009 3363 desineret,
1061 3298 1116 3357 sibi
1139 3296 1281 3355 invicem:
1315 3296 1357 3353 Et
1385 3294 1529 3355 Anicetus
1556 3295 1587 3353 in

481 3374 594 3452 quippe
607 3376 658 3451 qui
672 3394 738 3433 cum
757 3376 874 3435 Joanne
887 3373 1010 3436 Domini
1060 3378 1180 3437 ecclesio
1188 3375 1374 3435 consecrandi
1383 3395 1490 3433 munus
1497 3375 1587 3453 Poly.

481 3456 574 3512 nostri
589 3454 743 3533 discipulo,
757 3467 787 3513 et
804 3476 870 3515 cum
889 3456 1010 3533 reliquis
1060 3478 1147 3536 carpo
1169 3455 1288 3514 honoris
1311 3474 1398 3513 causa
1424 3456 1585 3513 concessit:

432 3533 623 3627 coapostolis
636 3534 809 3611 quibuscum
826 3536 1010 3596 familiariter
1060 3537 1236 3613 tandemque
1258 3555 1324 3593 cum
1350 3554 1420 3611 pace
1444 3554 1461 3591 a
1485 3555 1516 3593 se
1541 3535 1584 3591 in-

479 3625 605 3679 viserat,
630 3634 697 3673 eum
726 3636 835 3675 morem
866 3628 1009 3697 perpetuo
1061 3618 1152 3676 vicem
1167 3617 1380 3675 discesserunt:
1404 3626 1463 3672 tam
1485 3614 1521 3672 iis
1535 3614 1585 3691 qui

479 3694 672 3752 observasset.
710 3694 818 3772 Neque
832 3696 902 3755 item
919 3696 1007 3776 Poly·
1060 3697 1360 3771 observabant‚quam
1380 3693 1507 3770 illisqui
1530 3695 1584 3750 mi·

479 3793 586 3851 carpus
609 3773 737 3833 Aniceto
761 3777 934 3852 persuadere
959 3798 1008 3835 co.
1058 3777 1137 3834 nime
1157 3775 1358 3838 observabant,
1380 3793 1480 3852 pacem
1506 3794 1585 3831 com·

479 3864 568 3911 natus
576 3865 621 3912 est
630 3864 665 3913 ut
673 3855 846 3923 observaret,
856 3877 921 3915 cum
931 3857 1006 3915 Ani.
1058 3857 1285 3933 munionemque
1299 3854 1391 3913 totius
1402 3852 1529 3911 ecclesia
1539 3873 1583 3911 re·

431 3956 446 3993 a
450 3953 467 4011 5
479 3944 563 3991 cetus
577 3953 679 3991 eorum
694 3935 744 4011 qui
759 3947 827 3995 ante
845 3957 876 3996 se
891 3939 1007 3997 fuerant
1058 3937 1229 3995 timentibus.

845 4157 1209 4200 ψ

861 4328 915 4392 αι
928 4328 1193 4413 mommsen.

532 4466 600 4542 Ἑν
620 4460 650 4570 ᾧ
668 4465 712 4543 ἅν
729 4498 783 4548 τις
810 4464 951 4544 δύναιτο
976 4465 1015 4542 εὖ
1041 4471 1150 4542 ποιεῖν
1173 4470 1246 4547 τοῖς
1272 4466 1433 4563 πλησίον
1456 4467 1516 4543 καὶ
1541 4464 1583 4540 οὐ

474 4605 581 4680 ποιεῖ·
614 4600 807 4699 ἀλλότριοι·
830 4605 893 4699 τῆς
912 4600 1054 4704 ἀγάπην
1072 4607 1136 4677 τοῦ
1157 4600 1291 4702 Κυρίου
1310 4598 1578 4700 νομισθήσεται.

477 4734 545 4793 Hoc
565 4733 667 4792 attulit
681 4734 833 4794 Maximus
852 4736 1008 4795 confessor
1029 4733 1122 4792 Serm.
1138 4750 1167 4808 ι7.
1185 4733 1233 4792 De
1247 4734 1444 4809 Εἰιιυιοιηπο,
1460 4745 1533 4793 tom.
1549 4734 1579 4790 ii.

425 4853 466 4911 30
476 4839 536 4916 Op.
552 4860 581 4918 p.
596 4856 667 4915 554.
682 4839 728 4899 ed.
743 4840 899 4900 Combetis.

518 5017 554 5074 ln
565 5037 739 5094 quacunque
750 5037 781 5075 re
792 5020 884 5096 possit
897 5018 1003 5095 aliquis
1053 5018 1166 5077 alienus
1179 5040 1196 5077 a
1211 5018 1341 5077 Domini·
1351 5018 1507 5076 dilectione
1525 5015 1577 5073 ha·

477 5098 619 5177 proximis
639 5098 817 5168 benefacere,
832 5120 885 5158 nec
904 5100 1001 5164 faciat,
1053 5099 1177 5159 bebitur.

520 5209 590 5252 Vola·
606 5211 641 5252 u.
1081 5213 1103 5252 G
