<?xml version="1.0" encoding="UTF-8"?>
<!DOCTYPE html PUBLIC "-//W3C//DTD XHTML 1.0 Transitional//EN"
    "http://www.w3.org/TR/xhtml1/DTD/xhtml1-transitional.dtd">
<html xmlns="http://www.w3.org/1999/xhtml" xml:lang="en" lang="en">
 <head>
  <title>
</title>
<meta http-equiv="Content-Type" content="text/html;charset=utf-8" />
  <meta name='ocr-system' content='tesseract 3.04.00' />
  <meta name='ocr-capabilities' content='ocr_page ocr_carea ocr_par ocr_line ocrx_word'/>
</head>
<body>
  <div class='ocr_page' id='page_1' title='image "./reliquiaesacrae06routgoog_0287.png"; bbox 0 0 3917 6467; ppageno 0'>
   <div class='ocr_carea' id='block_1_1' title="bbox 750 1101 1560 1173">
    <p class='ocr_par' dir='ltr' id='par_1_1' title="bbox 750 1101 1560 1173">
     <span class='ocr_line' id='line_1_1' title="bbox 750 1101 1560 1173; baseline 0.009 -8"><span class='ocrx_word' id='word_1_1' title='bbox 750 1101 974 1169; x_wconf 79' lang='lat' dir='ltr'>AFRIOANI</span> <span class='ocrx_word' id='word_1_2' title='bbox 997 1101 1271 1170; x_wconf 82' lang='lat' dir='ltr'><strong>CHRONIOON.</strong></span> <span class='ocrx_word' id='word_1_3' title='bbox 1494 1108 1560 1173; x_wconf 75' lang='lat' dir='ltr'><strong>att</strong></span> 
     </span>
    </p>
   </div>
   <div class='ocr_carea' id='block_1_2' title="bbox 412 1264 1560 3247">
    <p class='ocr_par' dir='ltr' id='par_1_2' title="bbox 428 1264 1560 2037">
     <span class='ocr_line' id='line_1_2' title="bbox 457 1264 1555 1370; baseline 0.009 -27"><span class='ocrx_word' id='word_1_4' title='bbox 457 1268 609 1345; x_wconf 79' lang='grc' dir='ltr'>κλειδῶν</span> <span class='ocrx_word' id='word_1_5' title='bbox 652 1264 813 1364; x_wconf 81' lang='grc' dir='ltr'>κάθοδος,</span> <span class='ocrx_word' id='word_1_6' title='bbox 849 1268 982 1348; x_wconf 81' lang='grc' dir='ltr'>Ἰώνων</span> <span class='ocrx_word' id='word_1_7' title='bbox 1026 1271 1180 1368; x_wconf 88' lang='grc' dir='ltr'>ἀποικία,</span> <span class='ocrx_word' id='word_1_8' title='bbox 1207 1272 1265 1350; x_wconf 77' lang='grc' dir='ltr'><strong>καὶ</strong></span> <span class='ocrx_word' id='word_1_9' title='bbox 1297 1269 1555 1370; x_wconf 70' lang='grc' dir='ltr'>Ὀλυμπιάδες.</span> 
     </span>
     <span class='ocr_line' id='line_1_3' title="bbox 456 1400 1560 1511; baseline 0.007 -32"><span class='ocrx_word' id='word_1_10' title='bbox 456 1400 560 1507; x_wconf 75' lang='grc' dir='ltr'>ἔδοξε</span> <span class='ocrx_word' id='word_1_11' title='bbox 585 1400 629 1502; x_wconf 75' lang='grc' dir='ltr'><strong>δή</strong></span> <span class='ocrx_word' id='word_1_12' title='bbox 653 1435 715 1500; x_wconf 93' lang='grc' dir='ltr'><strong>μοι</strong></span> <span class='ocrx_word' id='word_1_13' title='bbox 739 1406 802 1501; x_wconf 79' lang='grc' dir='ltr'><strong>τῆς</strong></span> <span class='ocrx_word' id='word_1_14' title='bbox 820 1404 986 1503; x_wconf 75' lang='grc' dir='ltr'>Ἀττικῆς</span> <span class='ocrx_word' id='word_1_15' title='bbox 1011 1407 1203 1500; x_wconf 83' lang='grc' dir='ltr'>βασιλείοις</span> <span class='ocrx_word' id='word_1_16' title='bbox 1220 1406 1285 1487; x_wconf 86' lang='grc' dir='ltr'><strong>τὸν</strong></span> <span class='ocrx_word' id='word_1_17' title='bbox 1304 1407 1560 1511; x_wconf 81' lang='grc' dir='ltr'>προειρημένον</span> 
     </span>
     <span class='ocr_line' id='line_1_4' title="bbox 456 1533 1560 1644; baseline 0.011 -31"><span class='ocrx_word' id='word_1_18' title='bbox 456 1534 628 1614; x_wconf 56' lang='lat' dir='ltr'><strong>&amp;maozim</strong></span> <span class='ocrx_word' id='word_1_19' title='bbox 644 1533 786 1639; x_wconf 86' lang='grc' dir='ltr'>χρόνον,</span> <span class='ocrx_word' id='word_1_20' title='bbox 803 1537 1034 1639; x_wconf 79' lang='grc' dir='ltr'>παρατιθέναι</span> <span class='ocrx_word' id='word_1_21' title='bbox 1058 1540 1232 1639; x_wconf 89' lang='grc' dir='ltr'>μέλλοντι</span> <span class='ocrx_word' id='word_1_22' title='bbox 1255 1548 1334 1626; x_wconf 79' lang='grc' dir='ltr'>ταῖς</span> <span class='ocrx_word' id='word_1_23' title='bbox 1349 1542 1560 1644; x_wconf 78' lang='grc' dir='ltr'>Ἐβραὶκαΐς</span> 
     </span>
     <span class='ocr_line' id='line_1_5' title="bbox 458 1667 1557 1783; baseline 0.006 -36"><span class='ocrx_word' id='word_1_24' title='bbox 458 1670 633 1771; x_wconf 75' lang='grc' dir='ltr'>ἱστορίαις</span> <span class='ocrx_word' id='word_1_25' title='bbox 657 1667 723 1753; x_wconf 88' lang='grc' dir='ltr'><strong>τάς</strong></span> <span class='ocrx_word' id='word_1_26' title='bbox 739 1671 969 1769; x_wconf 78' lang='grc' dir='ltr'>Ἑλληνικάς.</span> <span class='ocrx_word' id='word_1_27' title='bbox 998 1672 1142 1778; x_wconf 78' lang='grc' dir='ltr'>ε’ξέιτται</span> <span class='ocrx_word' id='word_1_28' title='bbox 1165 1672 1236 1777; x_wconf 89' lang='grc' dir='ltr'><strong>γάρ</strong></span> <span class='ocrx_word' id='word_1_29' title='bbox 1262 1680 1314 1782; x_wconf 74' lang='grc' dir='ltr'><strong>τῷ</strong></span> <span class='ocrx_word' id='word_1_30' title='bbox 1336 1675 1557 1783; x_wconf 76' lang='grc' dir='ltr'>βουλομένω,</span> 
     </span>
     <span class='ocr_line' id='line_1_6' title="bbox 428 1801 1558 1914; baseline 0.009 -33"><span class='ocrx_word' id='word_1_31' title='bbox 428 1804 541 1905; x_wconf 79' lang='grc' dir='ltr'>5παρ’</span> <span class='ocrx_word' id='word_1_32' title='bbox 554 1805 640 1901; x_wconf 85' lang='grc' dir='ltr'>ε’μοῦ</span> <span class='ocrx_word' id='word_1_33' title='bbox 653 1801 719 1902; x_wconf 78' lang='grc' dir='ltr'><strong>τὴν</strong></span> <span class='ocrx_word' id='word_1_34' title='bbox 737 1802 852 1908; x_wconf 75' lang='grc' dir='ltr'>ἀρχὴν</span> <span class='ocrx_word' id='word_1_35' title='bbox 865 1805 1091 1914; x_wconf 78' lang='grc' dir='ltr'>κομιζομένῳ,</span> <span class='ocrx_word' id='word_1_36' title='bbox 1102 1807 1311 1910; x_wconf 81' lang='grc' dir='ltr'>λογίζεσθαι</span> <span class='ocrx_word' id='word_1_37' title='bbox 1323 1806 1388 1888; x_wconf 78' lang='grc' dir='ltr'><strong>τὸν</strong></span> <span class='ocrx_word' id='word_1_38' title='bbox 1406 1807 1558 1912; x_wconf 71' lang='grc' dir='ltr'>ἀριθμὸν</span> 
     </span>
     <span class='ocr_line' id='line_1_7' title="bbox 457 1937 693 2037; baseline 0.008 -22"><span class='ocrx_word' id='word_1_39' title='bbox 457 1937 588 2035; x_wconf 81' lang='grc' dir='ltr'>ὁμοίως</span> <span class='ocrx_word' id='word_1_40' title='bbox 605 1938 693 2037; x_wconf 74' lang='grc' dir='ltr'>ε’μοί.</span> 
     </span>
    </p>

    <p class='ocr_par' dir='ltr' id='par_1_3' title="bbox 455 2070 1557 2447">
     <span class='ocr_line' id='line_1_8' title="bbox 511 2070 1554 2180; baseline 0.008 -31"><span class='ocrx_word' id='word_1_41' title='bbox 511 2070 657 2150; x_wconf 80' lang='grc' dir='ltr'>Οὐκοῦν</span> <span class='ocrx_word' id='word_1_42' title='bbox 673 2078 747 2151; x_wconf 85' lang='grc' dir='ltr'><strong>τῶν</strong></span> <span class='ocrx_word' id='word_1_43' title='bbox 765 2074 891 2175; x_wconf 89' lang='grc' dir='ltr'>χιλίων</span> <span class='ocrx_word' id='word_1_44' title='bbox 909 2076 967 2153; x_wconf 76' lang='grc' dir='ltr'><strong>καὶ</strong></span> <span class='ocrx_word' id='word_1_45' title='bbox 986 2073 1098 2154; x_wconf 83' lang='grc' dir='ltr'>εἴκοσι</span> <span class='ocrx_word' id='word_1_46' title='bbox 1116 2077 1214 2173; x_wconf 82' lang='grc' dir='ltr'>ἐτῶν,</span> <span class='ocrx_word' id='word_1_47' title='bbox 1232 2082 1305 2155; x_wconf 84' lang='grc' dir='ltr'><strong>τῶν</strong></span> <span class='ocrx_word' id='word_1_48' title='bbox 1325 2075 1430 2180; x_wconf 86' lang='grc' dir='ltr'>μέχρι</span> <span class='ocrx_word' id='word_1_49' title='bbox 1451 2078 1554 2179; x_wconf 73' lang='grc' dir='ltr'>προί-</span> 
     </span>
     <span class='ocr_line' id='line_1_9' title="bbox 455 2204 1552 2312; baseline 0.007 -30"><span class='ocrx_word' id='word_1_50' title='bbox 455 2238 522 2303; x_wconf 84' lang='grc' dir='ltr'><strong>της</strong></span> <span class='ocrx_word' id='word_1_51' title='bbox 539 2204 789 2303; x_wconf 75' lang='grc' dir='ltr'>Ὀλυμπιάδος</span> <span class='ocrx_word' id='word_1_52' title='bbox 816 2204 888 2285; x_wconf 79' lang='grc' dir='ltr'><strong>ἀπὸ</strong></span> <span class='ocrx_word' id='word_1_53' title='bbox 917 2207 1083 2291; x_wconf 84' lang='grc' dir='ltr'>Μωσέως</span> <span class='ocrx_word' id='word_1_54' title='bbox 1111 2242 1150 2288; x_wconf 90' lang='grc' dir='ltr'><strong>τε</strong></span> <span class='ocrx_word' id='word_1_55' title='bbox 1174 2213 1232 2287; x_wconf 78' lang='grc' dir='ltr'><strong>καὶ</strong></span> <span class='ocrx_word' id='word_1_56' title='bbox 1249 2210 1419 2312; x_wconf 77' lang='grc' dir='ltr'>Ὠγύγου,</span> <span class='ocrx_word' id='word_1_57' title='bbox 1443 2213 1552 2290; x_wconf 86' lang='grc' dir='ltr'>ἐκκει-</span> 
     </span>
     <span class='ocr_line' id='line_1_10' title="bbox 455 2337 1557 2447; baseline 0.007 -30"><span class='ocrx_word' id='word_1_58' title='bbox 455 2337 581 2435; x_wconf 88' lang='grc' dir='ltr'>μένων,</span> <span class='ocrx_word' id='word_1_59' title='bbox 598 2339 731 2446; x_wconf 75' lang='grc' dir='ltr'>προίτιρ</span> <span class='ocrx_word' id='word_1_60' title='bbox 759 2338 826 2437; x_wconf 77' lang='grc' dir='ltr'>μὲν</span> <span class='ocrx_word' id='word_1_61' title='bbox 855 2340 923 2418; x_wconf 85' lang='grc' dir='ltr'>έπει</span> <span class='ocrx_word' id='word_1_62' title='bbox 952 2338 996 2419; x_wconf 80' lang='lat' dir='ltr'><strong>rh</strong></span> <span class='ocrx_word' id='word_1_63' title='bbox 1021 2340 1170 2446; x_wconf 81' lang='grc' dir='ltr'>Πάσχα,</span> <span class='ocrx_word' id='word_1_64' title='bbox 1200 2345 1259 2421; x_wconf 77' lang='grc' dir='ltr'><strong>καὶ</strong></span> <span class='ocrx_word' id='word_1_65' title='bbox 1287 2350 1359 2422; x_wconf 83' lang='grc' dir='ltr'><strong>τῶν</strong></span> <span class='ocrx_word' id='word_1_66' title='bbox 1375 2346 1557 2447; x_wconf 84' lang='grc' dir='ltr'>Ἐβραίων</span> 
     </span>
    </p>

    <p class='ocr_par' dir='ltr' id='par_1_4' title="bbox 412 2471 1556 3247">
     <span class='ocr_line' id='line_1_11' title="bbox 412 2471 1556 2580; baseline 0.012 -36"><span class='ocrx_word' id='word_1_67' title='bbox 412 2471 580 2576; x_wconf 78' lang='grc' dir='ltr'>ιοὲξοδος</span> <span class='ocrx_word' id='word_1_68' title='bbox 598 2472 621 2570; x_wconf 84' lang='grc' dir='ltr'><strong><em>ἡ</em></strong></span> <span class='ocrx_word' id='word_1_69' title='bbox 640 2474 701 2551; x_wconf 92' lang='grc' dir='ltr'><strong>ἀπ’</strong></span> <span class='ocrx_word' id='word_1_70' title='bbox 722 2471 918 2574; x_wconf 72' lang='grc' dir='ltr'>Αἰγύπτου,</span> <span class='ocrx_word' id='word_1_71' title='bbox 937 2476 975 2552; x_wconf 89' lang='grc' dir='ltr'><strong>έν</strong></span> <span class='ocrx_word' id='word_1_72' title='bbox 994 2472 1032 2553; x_wconf 78' lang='grc' dir='ltr'><strong>δὲ</strong></span> <span class='ocrx_word' id='word_1_73' title='bbox 1049 2480 1095 2579; x_wconf 78' lang='grc' dir='ltr'><strong>τῇ</strong></span> <span class='ocrx_word' id='word_1_74' title='bbox 1112 2480 1260 2580; x_wconf 78' lang='grc' dir='ltr'>Ἀττικῇ</span> <span class='ocrx_word' id='word_1_75' title='bbox 1277 2478 1298 2556; x_wconf 82' lang='grc' dir='ltr'>ἀ</span> <span class='ocrx_word' id='word_1_76' title='bbox 1323 2478 1380 2557; x_wconf 78' lang='grc' dir='ltr'><strong>ἐπὶ</strong></span> <span class='ocrx_word' id='word_1_77' title='bbox 1397 2477 1556 2580; x_wconf 82' lang='grc' dir='ltr'>Ὠγύγου</span> 
     </span>
     <span class='ocr_line' id='line_1_12' title="bbox 455 2604 1552 2714; baseline 0.006 -31"><span class='ocrx_word' id='word_1_78' title='bbox 455 2607 590 2706; x_wconf 86' lang='grc' dir='ltr'>γίνεται</span> <span class='ocrx_word' id='word_1_79' title='bbox 622 2604 886 2705; x_wconf 78' lang='grc' dir='ltr'>κατακλυσμός·</span> <span class='ocrx_word' id='word_1_80' title='bbox 921 2611 980 2685; x_wconf 77' lang='grc' dir='ltr'><strong>καὶ</strong></span> <span class='ocrx_word' id='word_1_81' title='bbox 1013 2608 1105 2688; x_wconf 81' lang='grc' dir='ltr'>κατὰ</span> <span class='ocrx_word' id='word_1_82' title='bbox 1132 2608 1256 2711; x_wconf 88' lang='grc' dir='ltr'>λόγου.</span> <span class='ocrx_word' id='word_1_83' title='bbox 1291 2616 1363 2689; x_wconf 83' lang='grc' dir='ltr'><strong>τῶν</strong></span> <span class='ocrx_word' id='word_1_84' title='bbox 1394 2610 1466 2714; x_wconf 87' lang='grc' dir='ltr'><strong>γάρ</strong></span> <span class='ocrx_word' id='word_1_85' title='bbox 1485 2617 1552 2690; x_wconf 86' lang='lat' dir='ltr'><strong>Ai-</strong></span> 
     </span>
     <span class='ocr_line' id='line_1_13' title="bbox 455 2739 1553 2847; baseline 0.005 -29"><span class='ocrx_word' id='word_1_86' title='bbox 455 2741 616 2841; x_wconf 84' lang='grc' dir='ltr'>γιπττίων</span> <span class='ocrx_word' id='word_1_87' title='bbox 642 2742 734 2843; x_wconf 79' lang='grc' dir='ltr'>ἀργῇ</span> <span class='ocrx_word' id='word_1_88' title='bbox 761 2746 857 2820; x_wconf 84' lang='grc' dir='ltr'>θεοῦ</span> <span class='ocrx_word' id='word_1_89' title='bbox 884 2739 1057 2844; x_wconf 81' lang='grc' dir='ltr'>χαλάζαις</span> <span class='ocrx_word' id='word_1_90' title='bbox 1084 2776 1122 2820; x_wconf 88' lang='grc' dir='ltr'><strong>τε</strong></span> <span class='ocrx_word' id='word_1_91' title='bbox 1150 2745 1208 2821; x_wconf 80' lang='grc' dir='ltr'><strong>καὶ</strong></span> <span class='ocrx_word' id='word_1_92' title='bbox 1238 2750 1390 2847; x_wconf 83' lang='grc' dir='ltr'>χειμῶσι</span> <span class='ocrx_word' id='word_1_93' title='bbox 1418 2778 1553 2843; x_wconf 88' lang='grc' dir='ltr'>μαστι-</span> 
     </span>
     <span class='ocr_line' id='line_1_14' title="bbox 455 2871 1555 2979; baseline 0.005 -28"><span class='ocrx_word' id='word_1_94' title='bbox 455 2872 619 2975; x_wconf 82' lang='grc' dir='ltr'>ζομένων,</span> <span class='ocrx_word' id='word_1_95' title='bbox 638 2871 729 2957; x_wconf 82' lang='grc' dir='ltr'>είκδς</span> <span class='ocrx_word' id='word_1_96' title='bbox 755 2873 799 2974; x_wconf 81' lang='grc' dir='ltr'><strong>ἦν</strong></span> <span class='ocrx_word' id='word_1_97' title='bbox 826 2875 915 2977; x_wconf 83' lang='grc' dir='ltr'>μέρη</span> <span class='ocrx_word' id='word_1_98' title='bbox 942 2871 1023 2953; x_wconf 85' lang='grc' dir='ltr'>τιυά</span> <span class='ocrx_word' id='word_1_99' title='bbox 1049 2873 1282 2979; x_wconf 79' lang='grc' dir='ltr'>συμπάσχειν</span> <span class='ocrx_word' id='word_1_100' title='bbox 1311 2881 1375 2976; x_wconf 78' lang='grc' dir='ltr'><strong>τῆς</strong></span> <span class='ocrx_word' id='word_1_101' title='bbox 1404 2882 1481 2979; x_wconf 81' lang='grc' dir='ltr'>γῆς,</span> <span class='ocrx_word' id='word_1_102' title='bbox 1500 2877 1555 2958; x_wconf 81' lang='grc' dir='ltr'>ὅτι</span> 
     </span>
     <span class='ocr_line' id='line_1_15' title="bbox 457 3007 1555 3110; baseline 0.006 -25"><span class='ocrx_word' id='word_1_103' title='bbox 457 3015 530 3103; x_wconf 83' lang='lat' dir='ltr'><strong>(for.</strong></span> <span class='ocrx_word' id='word_1_104' title='bbox 551 3007 614 3108; x_wconf 80' lang='grc' dir='ltr'>ἔτι)</span> <span class='ocrx_word' id='word_1_105' title='bbox 634 3041 674 3087; x_wconf 90' lang='grc' dir='ltr'><strong>τε</strong></span> <span class='ocrx_word' id='word_1_106' title='bbox 687 3008 901 3107; x_wconf 81' lang='grc' dir='ltr'>Ἀθηναίους</span> <span class='ocrx_word' id='word_1_107' title='bbox 916 3014 990 3087; x_wconf 82' lang='grc' dir='ltr'><strong>τῶν</strong></span> <span class='ocrx_word' id='word_1_108' title='bbox 1007 3008 1124 3088; x_wconf 80' lang='grc' dir='ltr'>αὐτῶν</span> <span class='ocrx_word' id='word_1_109' title='bbox 1136 3011 1343 3110; x_wconf 80' lang='grc' dir='ltr'>Αἰγυπτίοις</span> <span class='ocrx_word' id='word_1_110' title='bbox 1361 3011 1555 3092; x_wconf 75' lang='grc' dir='ltr'>ἀπολαύειν</span> 
     </span>
     <span class='ocr_line' id='line_1_16' title="bbox 412 3138 1555 3247; baseline 0.002 -26"><span class='ocrx_word' id='word_1_111' title='bbox 412 3182 423 3221; x_wconf 81' lang='grc' dir='ltr'>ι</span> <span class='ocrx_word' id='word_1_112' title='bbox 428 3182 445 3239; x_wconf 79' lang='lat'><em>5</em></span> <span class='ocrx_word' id='word_1_113' title='bbox 455 3138 547 3224; x_wconf 75' lang='grc' dir='ltr'>εἰκὸς</span> <span class='ocrx_word' id='word_1_114' title='bbox 557 3139 612 3241; x_wconf 83' lang='grc' dir='ltr'><strong>ἦν,</strong></span> <span class='ocrx_word' id='word_1_115' title='bbox 626 3142 795 3225; x_wconf 81' lang='grc' dir='ltr'>ἀποίκους</span> <span class='ocrx_word' id='word_1_116' title='bbox 808 3143 948 3221; x_wconf 81' lang='grc' dir='ltr'>ἐκείνων</span> <span class='ocrx_word' id='word_1_117' title='bbox 961 3140 1248 3239; x_wconf 81' lang='grc' dir='ltr'>ὑπουοουμέυους,</span> <span class='ocrx_word' id='word_1_118' title='bbox 1257 3140 1304 3223; x_wconf 76' lang='grc' dir='ltr'><strong>ὦς</strong></span> <span class='ocrx_word' id='word_1_119' title='bbox 1318 3147 1434 3247; x_wconf 72' lang='lat' dir='ltr'><strong>qinom</strong></span> <span class='ocrx_word' id='word_1_120' title='bbox 1445 3142 1555 3223; x_wconf 85' lang='grc' dir='ltr'>ἀλλοι</span> 
     </span>
    </p>
   </div>
   <div class='ocr_carea' id='block_1_3' title="bbox 454 3271 1553 3383">
    <p class='ocr_par' dir='ltr' id='par_1_5' title="bbox 454 3271 1553 3383">
     <span class='ocr_line' id='line_1_17' title="bbox 454 3271 1553 3383; baseline 0.004 -31"><span class='ocrx_word' id='word_1_121' title='bbox 454 3275 505 3372; x_wconf 85' lang='grc' dir='ltr'><strong>πε,</strong></span> <span class='ocrx_word' id='word_1_122' title='bbox 535 3276 596 3353; x_wconf 81' lang='grc' dir='ltr'><strong>καὶ</strong></span> <span class='ocrx_word' id='word_1_123' title='bbox 627 3276 666 3354; x_wconf 86' lang='grc' dir='ltr'><strong>έν</strong></span> <span class='ocrx_word' id='word_1_124' title='bbox 696 3280 749 3382; x_wconf 78' lang='grc' dir='ltr'><strong>τῷ</strong></span> <span class='ocrx_word' id='word_1_125' title='bbox 779 3272 992 3383; x_wconf 79' lang='grc' dir='ltr'>Τρικαρήυιρ</span> <span class='ocrx_word' id='word_1_126' title='bbox 1023 3272 1250 3372; x_wconf 85' lang='grc' dir='ltr'>θεόπομπος.</span> <span class='ocrx_word' id='word_1_127' title='bbox 1295 3275 1316 3353; x_wconf 78' lang='grc' dir='ltr'><em>ὅ</em></span> <span class='ocrx_word' id='word_1_128' title='bbox 1349 3271 1386 3354; x_wconf 81' lang='grc' dir='ltr'><strong>δέ</strong></span> <span class='ocrx_word' id='word_1_129' title='bbox 1417 3276 1553 3382; x_wconf 76' lang='grc' dir='ltr'>μεταξὺ</span> 
     </span>
    </p>
   </div>
   <div class='ocr_carea' id='block_1_4' title="bbox 454 3403 1554 3646">
    <p class='ocr_par' dir='ltr' id='par_1_6' title="bbox 454 3403 1554 3646">
     <span class='ocr_line' id='line_1_18' title="bbox 454 3403 1554 3514; baseline 0.001 -27"><span class='ocrx_word' id='word_1_130' title='bbox 454 3405 584 3511; x_wconf 82' lang='grc' dir='ltr'>χρόνος</span> <span class='ocrx_word' id='word_1_131' title='bbox 605 3408 900 3511; x_wconf 76' lang='grc' dir='ltr'>πσραλελειπται,</span> <span class='ocrx_word' id='word_1_132' title='bbox 917 3409 956 3487; x_wconf 86' lang='grc' dir='ltr'><strong>έν</strong></span> <span class='ocrx_word' id='word_1_133' title='bbox 980 3405 1011 3514; x_wconf 80' lang='grc' dir='ltr'><strong><em>ᾧ</em></strong></span> <span class='ocrx_word' id='word_1_134' title='bbox 1033 3406 1144 3508; x_wconf 81' lang='grc' dir='ltr'>μηδέν</span> <span class='ocrx_word' id='word_1_135' title='bbox 1173 3403 1554 3514; x_wconf 81' lang='grc' dir='ltr'>ε’ξαίρετουἝλλησιν</span> 
     </span>
     <span class='ocr_line' id='line_1_19' title="bbox 455 3538 1553 3646; baseline 0.005 -27"><span class='ocrx_word' id='word_1_136' title='bbox 455 3538 650 3646; x_wconf 77' lang='grc' dir='ltr'>ἱστόρηται.</span> <span class='ocrx_word' id='word_1_137' title='bbox 689 3540 780 3641; x_wconf 77' lang='grc' dir='ltr'>μετὰ</span> <span class='ocrx_word' id='word_1_138' title='bbox 811 3540 848 3621; x_wconf 78' lang='grc' dir='ltr'><strong>δέ</strong></span> <span class='ocrx_word' id='word_1_139' title='bbox 878 3539 1045 3644; x_wconf 86' lang='grc' dir='ltr'>τέσσαρα</span> <span class='ocrx_word' id='word_1_140' title='bbox 1076 3545 1134 3621; x_wconf 81' lang='grc' dir='ltr'><strong>καὶ</strong></span> <span class='ocrx_word' id='word_1_141' title='bbox 1165 3540 1392 3642; x_wconf 83' lang='grc' dir='ltr'>ἐννενήκοντα</span> <span class='ocrx_word' id='word_1_142' title='bbox 1419 3541 1492 3643; x_wconf 77' lang='grc' dir='ltr'>ἔτη,</span> <span class='ocrx_word' id='word_1_143' title='bbox 1507 3542 1553 3645; x_wconf 81' lang='grc' dir='ltr'><strong>ἦν</strong></span> 
     </span>
    </p>
   </div>
   <div class='ocr_carea' id='block_1_5' title="bbox 454 3734 1663 3815">
    <p class='ocr_par' dir='ltr' id='par_1_7' title="bbox 454 3734 1663 3815">
     <span class='ocr_line' id='line_1_20' title="bbox 454 3734 1663 3815; baseline -0.003 -19"><span class='ocrx_word' id='word_1_144' title='bbox 454 3736 593 3803; x_wconf 84' lang='lat' dir='ltr'><strong>reditum,</strong></span> <span class='ocrx_word' id='word_1_145' title='bbox 627 3736 734 3794; x_wconf 87' lang='lat' dir='ltr'><strong>lonnm</strong></span> <span class='ocrx_word' id='word_1_146' title='bbox 766 3734 978 3814; x_wconf 79' lang='lat' dir='ltr'><strong>migrationem,</strong></span> <span class='ocrx_word' id='word_1_147' title='bbox 1029 3734 1106 3793; x_wconf 88' lang='lat' dir='ltr'><strong>dem.</strong></span> <span class='ocrx_word' id='word_1_148' title='bbox 1135 3734 1213 3792; x_wconf 90' lang='lat' dir='ltr'><strong>Nam</strong></span> <span class='ocrx_word' id='word_1_149' title='bbox 1226 3754 1291 3793; x_wconf 92' lang='lat' dir='ltr'><strong>cum</strong></span> <span class='ocrx_word' id='word_1_150' title='bbox 1301 3735 1552 3815; x_wconf 77' lang='lat' dir='ltr'><strong>AEgyptiosgran.</strong></span> <span class='ocrx_word' id='word_1_151' title='bbox 1659 3785 1663 3792; x_wconf 83' lang='grc'><em>.</em></span> 
     </span>
    </p>
   </div>
   <div class='ocr_carea' id='block_1_6' title="bbox 407 3814 1552 5170">
    <p class='ocr_par' dir='ltr' id='par_1_8' title="bbox 407 3814 1552 5170">
     <span class='ocr_line' id='line_1_21' title="bbox 412 3814 1552 3897; baseline -0.003 -20"><span class='ocrx_word' id='word_1_152' title='bbox 412 3828 487 3877; x_wconf 76' lang='lat' dir='ltr'><strong>acet</strong></span> <span class='ocrx_word' id='word_1_153' title='bbox 506 3816 706 3897; x_wconf 76' lang='lat' dir='ltr'><strong>Olympiadas.</strong></span> <span class='ocrx_word' id='word_1_154' title='bbox 747 3815 794 3874; x_wconf 88' lang='lat' dir='ltr'><strong>Ac</strong></span> <span class='ocrx_word' id='word_1_155' title='bbox 816 3814 888 3872; x_wconf 92' lang='lat' dir='ltr'><strong>mihi</strong></span> <span class='ocrx_word' id='word_1_156' title='bbox 912 3815 977 3891; x_wconf 92' lang='lat' dir='ltr'><strong>qui·</strong></span> <span class='ocrx_word' id='word_1_157' title='bbox 1030 3814 1158 3880; x_wconf 83' lang='lat' dir='ltr'><strong>dinibus,</strong></span> <span class='ocrx_word' id='word_1_158' title='bbox 1182 3834 1214 3873; x_wconf 89' lang='lat' dir='ltr'><strong>ac</strong></span> <span class='ocrx_word' id='word_1_159' title='bbox 1242 3815 1465 3893; x_wconf 78' lang='lat' dir='ltr'><strong>tempestatibus</strong></span> <span class='ocrx_word' id='word_1_160' title='bbox 1493 3818 1552 3876; x_wconf 88' lang='lat' dir='ltr'><strong>Dei</strong></span> 
     </span>
     <span class='ocr_line' id='line_1_22' title="bbox 455 3893 1552 3973; baseline 0 -18"><span class='ocrx_word' id='word_1_161' title='bbox 455 3895 521 3955; x_wconf 82' lang='lat' dir='ltr'><strong>(lem</strong></span> <span class='ocrx_word' id='word_1_162' title='bbox 541 3896 658 3955; x_wconf 75' lang='lat' dir='ltr'><strong>Groeoes</strong></span> <span class='ocrx_word' id='word_1_163' title='bbox 676 3896 810 3955; x_wconf 81' lang='lat' dir='ltr'><strong>historias</strong></span> <span class='ocrx_word' id='word_1_164' title='bbox 832 3914 899 3953; x_wconf 92' lang='lat' dir='ltr'><strong>cum</strong></span> <span class='ocrx_word' id='word_1_165' title='bbox 915 3894 977 3953; x_wconf 89' lang='lat' dir='ltr'><strong>He·</strong></span> <span class='ocrx_word' id='word_1_166' title='bbox 1029 3894 1218 3973; x_wconf 82' lang='lat' dir='ltr'><strong>praepotentis</strong></span> <span class='ocrx_word' id='word_1_167' title='bbox 1232 3894 1274 3951; x_wconf 89' lang='lat' dir='ltr'><strong>ira</strong></span> <span class='ocrx_word' id='word_1_168' title='bbox 1293 3893 1473 3970; x_wconf 88' lang='lat' dir='ltr'><strong>percelleret,</strong></span> <span class='ocrx_word' id='word_1_169' title='bbox 1489 3896 1552 3955; x_wconf 88' lang='lat' dir='ltr'><strong>fieri</strong></span> 
     </span>
     <span class='ocr_line' id='line_1_23' title="bbox 455 3973 1552 4053; baseline 0.002 -19"><span class='ocrx_word' id='word_1_170' title='bbox 455 3976 559 4035; x_wconf 80' lang='lat' dir='ltr'><strong>hraicis</strong></span> <span class='ocrx_word' id='word_1_171' title='bbox 580 3975 762 4035; x_wconf 84' lang='lat' dir='ltr'><strong>committere</strong></span> <span class='ocrx_word' id='word_1_172' title='bbox 779 3975 930 4039; x_wconf 86' lang='lat' dir='ltr'><strong>statuenti,</strong></span> <span class='ocrx_word' id='word_1_173' title='bbox 945 3994 979 4031; x_wconf 87' lang='lat' dir='ltr'><strong>ea</strong></span> <span class='ocrx_word' id='word_1_174' title='bbox 1029 3975 1078 4030; x_wconf 81' lang='lat' dir='ltr'><strong>vix</strong></span> <span class='ocrx_word' id='word_1_175' title='bbox 1093 3984 1216 4051; x_wconf 90' lang='lat' dir='ltr'><strong>poterat,</strong></span> <span class='ocrx_word' id='word_1_176' title='bbox 1231 3974 1302 4051; x_wconf 91' lang='lat' dir='ltr'><strong>quin</strong></span> <span class='ocrx_word' id='word_1_177' title='bbox 1316 3973 1403 4033; x_wconf 89' lang='lat' dir='ltr'><strong>simul</strong></span> <span class='ocrx_word' id='word_1_178' title='bbox 1417 3974 1447 4032; x_wconf 93' lang='lat' dir='ltr'><strong>in</strong></span> <span class='ocrx_word' id='word_1_179' title='bbox 1464 3995 1552 4053; x_wconf 79' lang='lat' dir='ltr'><strong>quas·</strong></span> 
     </span>
     <span class='ocr_line' id='line_1_24' title="bbox 455 4053 1551 4133; baseline 0.002 -21"><span class='ocrx_word' id='word_1_180' title='bbox 455 4056 638 4133; x_wconf 87' lang='lat' dir='ltr'><strong>potissimum</strong></span> <span class='ocrx_word' id='word_1_181' title='bbox 649 4054 744 4114; x_wconf 88' lang='lat' dir='ltr'><strong>Attici</strong></span> <span class='ocrx_word' id='word_1_182' title='bbox 753 4053 836 4131; x_wconf 77' lang='lat' dir='ltr'><strong>regni</strong></span> <span class='ocrx_word' id='word_1_183' title='bbox 847 4064 979 4132; x_wconf 88' lang='lat' dir='ltr'><strong>tempora</strong></span> <span class='ocrx_word' id='word_1_184' title='bbox 1029 4053 1095 4111; x_wconf 88' lang='lat' dir='ltr'><strong>dam</strong></span> <span class='ocrx_word' id='word_1_185' title='bbox 1109 4063 1194 4111; x_wconf 85' lang='lat' dir='ltr'><strong>terrae</strong></span> <span class='ocrx_word' id='word_1_186' title='bbox 1207 4063 1305 4132; x_wconf 85' lang='lat' dir='ltr'><strong>partes</strong></span> <span class='ocrx_word' id='word_1_187' title='bbox 1319 4053 1490 4114; x_wconf 79' lang='lat' dir='ltr'><strong>calamitatis</strong></span> <span class='ocrx_word' id='word_1_188' title='bbox 1506 4056 1551 4114; x_wconf 91' lang='lat' dir='ltr'><strong>in-</strong></span> 
     </span>
     <span class='ocr_line' id='line_1_25' title="bbox 454 4132 1552 4213; baseline -0.003 -20"><span class='ocrx_word' id='word_1_189' title='bbox 454 4134 617 4194; x_wconf 84' lang='lat' dir='ltr'><strong>dcscrihere</strong></span> <span class='ocrx_word' id='word_1_190' title='bbox 636 4135 730 4193; x_wconf 86' lang='lat' dir='ltr'><strong>visum</strong></span> <span class='ocrx_word' id='word_1_191' title='bbox 744 4145 800 4193; x_wconf 87' lang='lat' dir='ltr'><strong>est.</strong></span> <span class='ocrx_word' id='word_1_192' title='bbox 836 4132 886 4191; x_wconf 88' lang='lat' dir='ltr'><strong>Sic</strong></span> <span class='ocrx_word' id='word_1_193' title='bbox 900 4133 977 4191; x_wconf 88' lang='lat' dir='ltr'><strong>enim</strong></span> <span class='ocrx_word' id='word_1_194' title='bbox 1029 4133 1066 4192; x_wconf 90' lang='lat' dir='ltr'><strong>de</strong></span> <span class='ocrx_word' id='word_1_195' title='bbox 1080 4132 1190 4210; x_wconf 89' lang='lat' dir='ltr'><strong>aliquid</strong></span> <span class='ocrx_word' id='word_1_196' title='bbox 1201 4132 1387 4192; x_wconf 87' lang='lat' dir='ltr'><strong>redundaret.</strong></span> <span class='ocrx_word' id='word_1_197' title='bbox 1419 4133 1466 4194; x_wconf 88' lang='lat' dir='ltr'><strong>Ac</strong></span> <span class='ocrx_word' id='word_1_198' title='bbox 1477 4155 1552 4213; x_wconf 77' lang='lat' dir='ltr'><strong>prae.</strong></span> 
     </span>
     <span class='ocr_line' id='line_1_26' title="bbox 413 4211 1552 4293; baseline 0.003 -22"><span class='ocrx_word' id='word_1_199' title='bbox 413 4215 548 4293; x_wconf 67' lang='lat' dir='ltr'><strong>tscnivis</strong></span> <span class='ocrx_word' id='word_1_200' title='bbox 565 4215 683 4273; x_wconf 90' lang='lat' dir='ltr'><strong>omnino</strong></span> <span class='ocrx_word' id='word_1_201' title='bbox 704 4214 800 4283; x_wconf 87' lang='lat' dir='ltr'><strong>liceat,</strong></span> <span class='ocrx_word' id='word_1_202' title='bbox 820 4212 870 4291; x_wconf 91' lang='lat' dir='ltr'><strong>qui</strong></span> <span class='ocrx_word' id='word_1_203' title='bbox 892 4212 979 4270; x_wconf 89' lang='lat' dir='ltr'><strong>modo</strong></span> <span class='ocrx_word' id='word_1_204' title='bbox 1029 4213 1128 4271; x_wconf 90' lang='lat' dir='ltr'><strong>sertim</strong></span> <span class='ocrx_word' id='word_1_205' title='bbox 1151 4211 1347 4271; x_wconf 87' lang='lat' dir='ltr'><strong>Athenienses</strong></span> <span class='ocrx_word' id='word_1_206' title='bbox 1369 4213 1429 4290; x_wconf 77' lang='lat' dir='ltr'><strong>AEg</strong></span> <span class='ocrx_word' id='word_1_207' title='bbox 1470 4216 1552 4275; x_wconf 69' lang='lat' dir='ltr'><strong>tincae</strong></span> 
     </span>
     <span class='ocr_line' id='line_1_27' title="bbox 454 4291 1550 4373; baseline 0.002 -21"><span class='ocrx_word' id='word_1_208' title='bbox 454 4295 631 4373; x_wconf 88' lang='lat' dir='ltr'><strong>principium</strong></span> <span class='ocrx_word' id='word_1_209' title='bbox 645 4314 682 4352; x_wconf 86' lang='lat' dir='ltr'><strong>ex</strong></span> <span class='ocrx_word' id='word_1_210' title='bbox 696 4294 769 4352; x_wconf 83' lang='lat' dir='ltr'><strong>meis</strong></span> <span class='ocrx_word' id='word_1_211' title='bbox 780 4293 885 4351; x_wconf 88' lang='lat' dir='ltr'><strong>ducere</strong></span> <span class='ocrx_word' id='word_1_212' title='bbox 894 4291 978 4348; x_wconf 85' lang='lat' dir='ltr'><strong>volu·</strong></span> <span class='ocrx_word' id='word_1_213' title='bbox 1029 4292 1119 4351; x_wconf 84' lang='lat' dir='ltr'><strong>cladis</strong></span> <span class='ocrx_word' id='word_1_214' title='bbox 1133 4301 1244 4369; x_wconf 86' lang='lat' dir='ltr'><strong>partem</strong></span> <span class='ocrx_word' id='word_1_215' title='bbox 1256 4291 1381 4370; x_wconf 83' lang='lat' dir='ltr'><strong>aliquam</strong></span> <span class='ocrx_word' id='word_1_216' title='bbox 1393 4312 1428 4352; x_wconf 89' lang='lat' dir='ltr'><strong>su</strong></span> <span class='ocrx_word' id='word_1_217' title='bbox 1448 4315 1490 4355; x_wconf 80' lang='lat' dir='ltr'><strong>ire</strong></span> <span class='ocrx_word' id='word_1_218' title='bbox 1501 4315 1550 4354; x_wconf 85' lang='lat' dir='ltr'><strong>ve·</strong></span> 
     </span>
     <span class='ocr_line' id='line_1_28' title="bbox 453 4370 1551 4452; baseline 0.001 -20"><span class='ocrx_word' id='word_1_219' title='bbox 453 4370 979 4449; x_wconf 63' lang='lat' dir='ltr'><strong>eriteandemmecumincolligendo</strong></span> <span class='ocrx_word' id='word_1_220' title='bbox 1028 4370 1551 4452; x_wconf 80' lang='lat' dir='ltr'><strong>risimiliuserat,qnosAEgyptiorum</strong></span> 
     </span>
     <span class='ocr_line' id='line_1_29' title="bbox 453 4450 1550 4524; baseline 0.001 -13"><span class='ocrx_word' id='word_1_221' title='bbox 453 4473 577 4513; x_wconf 89' lang='lat' dir='ltr'><strong>numero</strong></span> <span class='ocrx_word' id='word_1_222' title='bbox 587 4454 728 4513; x_wconf 80' lang='lat' dir='ltr'><strong>rationem</strong></span> <span class='ocrx_word' id='word_1_223' title='bbox 743 4453 827 4511; x_wconf 89' lang='lat' dir='ltr'><strong>inire.</strong></span> <span class='ocrx_word' id='word_1_224' title='bbox 1028 4450 1170 4509; x_wconf 92' lang='lat' dir='ltr'><strong>coloniam</strong></span> <span class='ocrx_word' id='word_1_225' title='bbox 1184 4450 1298 4510; x_wconf 84' lang='lat' dir='ltr'><strong>habitos</strong></span> <span class='ocrx_word' id='word_1_226' title='bbox 1317 4472 1390 4522; x_wconf 84' lang='lat' dir='ltr'><strong>case,</strong></span> <span class='ocrx_word' id='word_1_227' title='bbox 1405 4472 1471 4511; x_wconf 88' lang='lat' dir='ltr'><strong>cum</strong></span> <span class='ocrx_word' id='word_1_228' title='bbox 1490 4455 1550 4524; x_wconf 85' lang='lat' dir='ltr'><strong>alii,</strong></span> 
     </span>
     <span class='ocr_line' id='line_1_30' title="bbox 495 4529 1549 4611; baseline 0 -19"><span class='ocrx_word' id='word_1_229' title='bbox 495 4533 618 4592; x_wconf 90' lang='lat' dir='ltr'><strong>Illorum</strong></span> <span class='ocrx_word' id='word_1_230' title='bbox 632 4534 723 4611; x_wconf 78' lang='lat' dir='ltr'><strong>igitur</strong></span> <span class='ocrx_word' id='word_1_231' title='bbox 736 4533 817 4591; x_wconf 90' lang='lat' dir='ltr'><strong>mille</strong></span> <span class='ocrx_word' id='word_1_232' title='bbox 830 4529 976 4607; x_wconf 83' lang='lat' dir='ltr'><strong>acviginti</strong></span> <span class='ocrx_word' id='word_1_233' title='bbox 1028 4540 1091 4588; x_wconf 91' lang='lat' dir='ltr'><strong>tum</strong></span> <span class='ocrx_word' id='word_1_234' title='bbox 1113 4550 1182 4588; x_wconf 83' lang='lat' dir='ltr'><strong>vero</strong></span> <span class='ocrx_word' id='word_1_235' title='bbox 1199 4531 1407 4610; x_wconf 85' lang='lat' dir='ltr'><strong>Theopompus</strong></span> <span class='ocrx_word' id='word_1_236' title='bbox 1428 4532 1459 4591; x_wconf 90' lang='lat' dir='ltr'><strong>in</strong></span> <span class='ocrx_word' id='word_1_237' title='bbox 1482 4534 1549 4592; x_wconf 84' lang='lat' dir='ltr'><strong>Tri-</strong></span> 
     </span>
     <span class='ocr_line' id='line_1_31' title="bbox 407 4609 1551 4692; baseline 0.001 -19"><span class='ocrx_word' id='word_1_238' title='bbox 407 4631 606 4689; x_wconf 66' lang='lat' dir='ltr'><strong>gcaunorum,</strong></span> <span class='ocrx_word' id='word_1_239' title='bbox 620 4632 694 4691; x_wconf 86' lang='lat' dir='ltr'><strong>quos</strong></span> <span class='ocrx_word' id='word_1_240' title='bbox 714 4614 750 4671; x_wconf 87' lang='lat' dir='ltr'><strong>ab</strong></span> <span class='ocrx_word' id='word_1_241' title='bbox 772 4612 859 4671; x_wconf 88' lang='lat' dir='ltr'><strong>Mose</strong></span> <span class='ocrx_word' id='word_1_242' title='bbox 880 4620 911 4668; x_wconf 90' lang='lat' dir='ltr'><strong>et</strong></span> <span class='ocrx_word' id='word_1_243' title='bbox 933 4609 977 4669; x_wconf 80' lang='grc' dir='ltr'><strong>Ο·</strong></span> <span class='ocrx_word' id='word_1_244' title='bbox 1027 4629 1132 4668; x_wconf 85' lang='lat' dir='ltr'><strong>careno</strong></span> <span class='ocrx_word' id='word_1_245' title='bbox 1158 4621 1373 4672; x_wconf 86' lang='lat' dir='ltr'><strong>commemorat.</strong></span> <span class='ocrx_word' id='word_1_246' title='bbox 1420 4612 1551 4692; x_wconf 85' lang='lat' dir='ltr'><strong>Tempus</strong></span> 
     </span>
     <span class='ocr_line' id='line_1_32' title="bbox 450 4688 1549 4771; baseline 0.001 -20"><span class='ocrx_word' id='word_1_247' title='bbox 450 4712 529 4771; x_wconf 77' lang='lat' dir='ltr'><strong>gyge</strong></span> <span class='ocrx_word' id='word_1_248' title='bbox 549 4692 586 4751; x_wconf 84' lang='lat' dir='ltr'><strong>ad</strong></span> <span class='ocrx_word' id='word_1_249' title='bbox 608 4693 731 4769; x_wconf 89' lang='lat' dir='ltr'><strong>primam</strong></span> <span class='ocrx_word' id='word_1_250' title='bbox 755 4711 848 4768; x_wconf 83' lang='lat' dir='ltr'><strong>usque</strong></span> <span class='ocrx_word' id='word_1_251' title='bbox 872 4688 976 4768; x_wconf 89' lang='lat' dir='ltr'><strong>Olym·</strong></span> <span class='ocrx_word' id='word_1_252' title='bbox 1027 4689 1095 4748; x_wconf 88' lang='lat' dir='ltr'><strong>inde</strong></span> <span class='ocrx_word' id='word_1_253' title='bbox 1109 4688 1236 4748; x_wconf 90' lang='lat' dir='ltr'><strong>medium</strong></span> <span class='ocrx_word' id='word_1_254' title='bbox 1252 4692 1475 4769; x_wconf 77' lang='lat' dir='ltr'><strong>pretermissum</strong></span> <span class='ocrx_word' id='word_1_255' title='bbox 1494 4705 1549 4762; x_wconf 90' lang='lat' dir='ltr'><strong>est,</strong></span> 
     </span>
     <span class='ocr_line' id='line_1_33' title="bbox 452 4768 1549 4851; baseline 0.001 -22"><span class='ocrx_word' id='word_1_256' title='bbox 452 4770 568 4851; x_wconf 82' lang='lat' dir='ltr'><strong>piadem</strong></span> <span class='ocrx_word' id='word_1_257' title='bbox 596 4773 715 4831; x_wconf 83' lang='lat' dir='ltr'><strong>fluxisse</strong></span> <span class='ocrx_word' id='word_1_258' title='bbox 738 4772 875 4839; x_wconf 85' lang='lat' dir='ltr'><strong>diximus,</strong></span> <span class='ocrx_word' id='word_1_259' title='bbox 900 4788 977 4840; x_wconf 72' lang='lat' dir='ltr'><strong>auno</strong></span> <span class='ocrx_word' id='word_1_260' title='bbox 1026 4769 1105 4845; x_wconf 89' lang='lat' dir='ltr'><strong>quod</strong></span> <span class='ocrx_word' id='word_1_261' title='bbox 1126 4768 1156 4825; x_wconf 90' lang='lat' dir='ltr'><strong>in</strong></span> <span class='ocrx_word' id='word_1_262' title='bbox 1176 4790 1211 4827; x_wconf 87' lang='lat' dir='ltr'><strong>eo</strong></span> <span class='ocrx_word' id='word_1_263' title='bbox 1232 4769 1305 4827; x_wconf 92' lang='lat' dir='ltr'><strong>nihil</strong></span> <span class='ocrx_word' id='word_1_264' title='bbox 1326 4771 1468 4830; x_wconf 81' lang='lat' dir='ltr'><strong>aGroecis</strong></span> <span class='ocrx_word' id='word_1_265' title='bbox 1488 4792 1549 4830; x_wconf 90' lang='lat' dir='ltr'><strong>me-</strong></span> 
     </span>
     <span class='ocr_line' id='line_1_34' title="bbox 452 4848 1550 4931; baseline 0.002 -22"><span class='ocrx_word' id='word_1_266' title='bbox 452 4852 557 4931; x_wconf 90' lang='lat' dir='ltr'><strong>primo,</strong></span> <span class='ocrx_word' id='word_1_267' title='bbox 572 4852 617 4911; x_wconf 85' lang='lat' dir='ltr'><strong>uti</strong></span> <span class='ocrx_word' id='word_1_268' title='bbox 637 4852 830 4911; x_wconf 74' lang='lat' dir='ltr'><strong>Hebraeorum</strong></span> <span class='ocrx_word' id='word_1_269' title='bbox 855 4849 975 4915; x_wconf 84' lang='lat' dir='ltr'><strong>Pascha,</strong></span> <span class='ocrx_word' id='word_1_270' title='bbox 1025 4849 1118 4907; x_wconf 88' lang='lat' dir='ltr'><strong>moria</strong></span> <span class='ocrx_word' id='word_1_271' title='bbox 1138 4848 1258 4926; x_wconf 80' lang='lat' dir='ltr'><strong>dignum</strong></span> <span class='ocrx_word' id='word_1_272' title='bbox 1280 4850 1433 4909; x_wconf 85' lang='lat' dir='ltr'><strong>referatur.</strong></span> <span class='ocrx_word' id='word_1_273' title='bbox 1478 4852 1550 4911; x_wconf 88' lang='lat' dir='ltr'><strong>Post</strong></span> 
     </span>
     <span class='ocr_line' id='line_1_35' title="bbox 451 4929 1549 5008; baseline -0.002 -17"><span class='ocrx_word' id='word_1_274' title='bbox 451 4942 483 4990; x_wconf 88' lang='lat' dir='ltr'><strong>et</strong></span> <span class='ocrx_word' id='word_1_275' title='bbox 505 4930 648 4991; x_wconf 75' lang='lat' dir='ltr'><strong>‹liaoessus</strong></span> <span class='ocrx_word' id='word_1_276' title='bbox 670 4933 706 4990; x_wconf 90' lang='lat' dir='ltr'><strong>ab</strong></span> <span class='ocrx_word' id='word_1_277' title='bbox 818 4942 860 4995; x_wconf 90' lang='lat' dir='ltr'><strong>to,</strong></span> <span class='ocrx_word' id='word_1_278' title='bbox 875 4929 916 4988; x_wconf 88' lang='lat' dir='ltr'><strong>sic</strong></span> <span class='ocrx_word' id='word_1_279' title='bbox 932 4929 975 4987; x_wconf 92' lang='lat'><strong>0-</strong></span> <span class='ocrx_word' id='word_1_280' title='bbox 1025 4947 1117 4987; x_wconf 83' lang='lat' dir='ltr'><strong>annos</strong></span> <span class='ocrx_word' id='word_1_281' title='bbox 1127 4948 1194 4987; x_wconf 88' lang='lat' dir='ltr'><strong>vero</strong></span> <span class='ocrx_word' id='word_1_282' title='bbox 1205 4940 1331 5004; x_wconf 88' lang='lat' dir='ltr'><strong>quatuor</strong></span> <span class='ocrx_word' id='word_1_283' title='bbox 1339 4940 1370 4988; x_wconf 88' lang='lat' dir='ltr'><strong>et</strong></span> <span class='ocrx_word' id='word_1_284' title='bbox 1381 4931 1549 5008; x_wconf 82' lang='lat' dir='ltr'><strong>nonaginta,</strong></span> 
     </span>
     <span class='ocr_line' id='line_1_36' title="bbox 407 5007 1550 5093; baseline -0.001 -22"><span class='ocrx_word' id='word_1_285' title='bbox 407 5031 441 5093; x_wconf 80' lang='lat'><strong>35</strong></span> <span class='ocrx_word' id='word_1_286' title='bbox 451 5012 572 5090; x_wconf 75' lang='lat' dir='ltr'><strong>gygium</strong></span> <span class='ocrx_word' id='word_1_287' title='bbox 588 5013 618 5069; x_wconf 91' lang='lat' dir='ltr'><strong>in</strong></span> <span class='ocrx_word' id='word_1_288' title='bbox 632 5010 735 5070; x_wconf 80' lang='lat' dir='ltr'><strong>Attice</strong></span> <span class='ocrx_word' id='word_1_289' title='bbox 748 5011 778 5070; x_wconf 86' lang='lat' dir='ltr'><strong>di</strong></span> <span class='ocrx_word' id='word_1_290' title='bbox 791 5009 891 5068; x_wconf 83' lang='lat' dir='ltr'><strong>uviam</strong></span> <span class='ocrx_word' id='word_1_291' title='bbox 906 5028 976 5067; x_wconf 89' lang='lat' dir='ltr'><strong>cou-</strong></span> <span class='ocrx_word' id='word_1_292' title='bbox 1026 5018 1060 5065; x_wconf 89' lang='lat' dir='ltr'><strong>ut</strong></span> <span class='ocrx_word' id='word_1_293' title='bbox 1071 5007 1205 5066; x_wconf 88' lang='lat' dir='ltr'><strong>nonnulli</strong></span> <span class='ocrx_word' id='word_1_294' title='bbox 1216 5010 1346 5075; x_wconf 87' lang='lat' dir='ltr'><strong>tradunt,</strong></span> <span class='ocrx_word' id='word_1_295' title='bbox 1357 5009 1550 5070; x_wconf 84' lang='lat' dir='ltr'><strong>Prometheus</strong></span> 
     </span>
     <span class='ocr_line' id='line_1_37' title="bbox 451 5087 1550 5170; baseline -0.001 -19"><span class='ocrx_word' id='word_1_296' title='bbox 451 5091 529 5170; x_wconf 78' lang='lat' dir='ltr'><strong>tigit.</strong></span> <span class='ocrx_word' id='word_1_297' title='bbox 572 5092 615 5150; x_wconf 84' lang='lat' dir='ltr'><strong>Et</strong></span> <span class='ocrx_word' id='word_1_298' title='bbox 634 5091 842 5151; x_wconf 85' lang='lat' dir='ltr'><strong>convenienter</strong></span> <span class='ocrx_word' id='word_1_299' title='bbox 861 5089 890 5147; x_wconf 92' lang='lat' dir='ltr'><strong>id</strong></span> <span class='ocrx_word' id='word_1_300' title='bbox 909 5087 975 5165; x_wconf 90' lang='lat' dir='ltr'><strong>qui.</strong></span> <span class='ocrx_word' id='word_1_301' title='bbox 1025 5088 1136 5156; x_wconf 84' lang='lat' dir='ltr'><strong>extitit,</strong></span> <span class='ocrx_word' id='word_1_302' title='bbox 1151 5108 1247 5166; x_wconf 86' lang='lat' dir='ltr'><strong>quem,</strong></span> <span class='ocrx_word' id='word_1_303' title='bbox 1262 5089 1342 5167; x_wconf 87' lang='lat' dir='ltr'><strong>quod</strong></span> <span class='ocrx_word' id='word_1_304' title='bbox 1361 5089 1493 5149; x_wconf 86' lang='lat' dir='ltr'><strong>homines</strong></span> <span class='ocrx_word' id='word_1_305' title='bbox 1511 5091 1550 5164; x_wconf 81' lang='lat' dir='ltr'><strong>ud</strong></span> 
     </span>
    </p>
   </div>
   <div class='ocr_carea' id='block_1_7' title="bbox 0 0 1964 6467">
    <p class='ocr_par' dir='ltr' id='par_1_9' title="bbox 0 0 1964 6467">
     <span class='ocr_line' id='line_1_38' title="bbox 0 0 1964 6467; baseline 0 4"><span class='ocrx_word' id='word_1_306' title='bbox 0 0 1964 6467; x_wconf 95' lang='lat' dir='ltr'><strong> </strong></span> 
     </span>
    </p>
   </div>
  </div>
 </body>
</html>
