3917 6467
487 1096 552 1163 270
811 1094 1060 1172 RELlQUlAE
1086 1092 1263 1158 SACRAE.

484 1254 593 1356 μηδὲν
621 1256 740 1340 αὐτοῖς
769 1261 841 1334 τῶν
866 1262 1002 1356 προτοῦ
1027 1252 1331 1361 συμφωνούντων
1360 1258 1398 1334 αἱ
1423 1253 1464 1334 δέ
1488 1254 1584 1359 ἠκρί-

484 1399 604 1486 βωντο
636 1397 789 1474 πολλοῖς
818 1398 888 1488 (for.
918 1390 1090 1493 ἠκρίβουν
1121 1388 1168 1469 τὰ
1196 1388 1353 1495 πολλὰ),
1386 1396 1440 1498 τῷ
1473 1389 1524 1489 μὴ
1550 1391 1588 1468 ἐκ

484 1527 661 1606 πλείστου
700 1524 951 1624 διαστήματος,
985 1524 1044 1604 διὰ
1079 1527 1280 1628 τετραετίας
1312 1525 1364 1619 δέ,
1399 1524 1468 1609 τὰς
1499 1529 1585 1606 ἀνα-

486 1658 631 1766 γραφὰς
658 1661 775 1739 αὐτῶν
802 1665 984 1739 ποιεῖσθαι
1011 1657 1094 1742 τοῦς
1115 1656 1315 1760 Ἕλληνας.
1346 1659 1388 1739 οῦ
1412 1659 1461 1760 δὴ
1485 1659 1587 1765 χάριν

486 1793 551 1878 τὰς
578 1792 821 1901 ἐνδοξοτάτας,
846 1797 905 1873 καὶ
932 1793 1106 1892 μυθώδεις
1136 1791 1387 1900 ἐπιλεξάμινος
1416 1799 1611 1897 &rapiant

486 1929 592 2034 μέχρι
620 1934 683 2028 τῆς
714 1930 857 2032 πράτης
880 1928 1129 2028 Ὀλυμπιάδος
1161 1932 1434 2032 ἐπιδραμοῦμαι·
1462 1929 1526 2014 τὰς
1550 1930 1587 2010 δέ

485 2063 577 2164 μετὰ
595 2073 717 2161 ταῦτα,
731 2063 905 2170 συζεύξας
920 2062 1012 2144 κατὰ
1029 2063 1161 2169 χρόνον
1178 2061 1342 2160 ἑκάστας,
1356 2066 1390 2143 εἴ
1402 2098 1497 2149 τινες
1513 2066 1587 2145 ἐπί-

486 2231 609 2298 σημοι,
633 2205 710 2280 ταῖς
727 2199 958 2297 Ἑλληνικαῖς
983 2194 1048 2280 τὰς
1064 2196 1271 2300 Ἑβραῦιᾶς,
1297 2196 1498 2305 ἐξιστορῶν
1523 2198 1587 2299 μὲν

486 2332 551 2418 τὰς
574 2335 766 2436 Ἑβραιων,
784 2333 1030 2440 ἐφαπτόμενος
1057 2333 1094 2411 δέ
1121 2339 1194 2413 τῶν
1211 2336 1449 2433 Ἑλληνικῶν,
1471 2337 1583 2440 ἐφαρ·

486 2466 591 2566 μάσω
610 2467 711 2548 τόνδε
737 2467 800 2549 τὸν
817 2468 965 2574 τρόπον·
997 2468 1198 2568 λαβόμενος
1215 2476 1298 2568 μιᾶς
1315 2468 1483 2577 πράξεως
1497 2473 1587 2565 Ἑβ-
1600 2510 1630 2548 ιο

486 2610 611 2709 ραῖκῆς
630 2605 829 2710 ὁμοχρόνου
846 2605 976 2712 πράξει
996 2606 1056 2711 ὑφ’
1071 2603 1262 2703 Ἑλλήνων
1276 2607 1519 2711 ὶστορηθείσῃ,
1529 2609 1588 2685 καὶ

486 2740 616 2840 ταύτης
649 2739 824 2845 ἐχόμενος,
856 2745 1021 2847 ἀφαιρῶν
1052 2774 1091 2820 τε
1129 2744 1187 2820 καὶ
1218 2745 1435 2845 προστιθεὶς,
1464 2743 1519 2826 τίς
1550 2776 1587 2820 τε

480 2872 637 2973 Ἕλλην,
656 2873 679 2976 ἦ
701 2874 858 2978 Πέρσης,
887 2879 910 2974 ἢ
930 2881 989 2955 καὶ
1017 2878 1191 2957 ὁστισοῦν
1216 2882 1261 2981 τῇ
1286 2877 1472 2979 Ἐβραίων
1495 2910 1584 2956 συν-

486 3008 680 3113 εχρόνισεν,
694 3011 1016 3111 ἐπιοημειοάμενος,
1027 3012 1116 3094 ἴσως
1129 3009 1174 3091 ῶν
1191 3020 1256 3090 τοῦ
1275 3020 1416 3091 σκοποῦ
1429 3012 1585 3116 τύχωμι.

541 3145 723 3245 Ἑβραίων
741 3145 806 3244 μέν
824 3146 887 3224 οῦν
906 3147 927 3245 ἡ
946 3149 1105 3245 μετοικία
1126 3145 1383 3245 ἐπιοημοτάτη,
1402 3152 1587 3250 αἰχμαλον
1601 3179 1629 3234 ¹5

487 3279 682 3359 τισθέντων
702 3279 771 3360 dul
791 3281 1120 3386 Ναβουχοδονόσορ
1148 3279 1330 3374 βασιλέως
1356 3286 1589 3376 Βαβυλῶνος,

486 3416 688 3516 παρέτεινεν
707 3416 768 3515 ἔτη
787 3414 828 3513 ο’,
849 3415 942 3496 καθὰ
957 3417 1226 3522 προεφήτευσεν
1243 3417 1424 3519 Ἱερεμάις.
1457 3424 1523 3495 τοῦ
1546 3414 1587 3512 δὴ

489 3665 549 3724 ulla
564 3685 659 3725 aecum
672 3679 802 3745 exparte
815 3666 1011 3732 consentiunt,
1064 3666 1142 3723 modi
1164 3666 1264 3723 futura
1285 3686 1349 3723 mea
1369 3665 1445 3722 ratio
1467 3676 1513 3724 est
1524 3687 1534 3733 ;
1556 3678 1587 3722 ut

489 3766 553 3823 quae
574 3758 658 3805 auten
677 3747 831 3823 contigisse
851 3766 1012 3804 memorau-
1063 3746 1177 3824 quoties
1213 3746 1387 3803 Hebraicam
1427 3746 1586 3813 historiam,

490 3839 548 3886 tur.
591 3826 634 3885 At
662 3829 691 3885 in
717 3825 940 3905 olympiadibus
968 3825 1012 3883 di·
1063 3844 1207 3904 quacum
1223 3827 1324 3883 Graeca
1340 3825 1438 3902 aliqua
1457 3829 1627 3904 tempoicao

488 3907 623 3984 gerendis
636 3918 769 3966 accurate
784 3907 867 3965 multi
889 3906 1009 3983 diligen.
1064 3905 1414 3973 conveniat,tractandam
1423 3924 1586 3984 suscepero,

490 3997 592 4063 terque
618 3988 721 4046 versati
748 4000 825 4053 sunt,
851 3986 929 4064 quod
954 4007 1013 4044 non
1064 3987 1151 4044 toties
1174 3987 1204 4043 in
1225 4007 1259 4044 aa
1279 3998 1445 4044 constanter
1467 3986 1586 4050 harena,

490 4065 577 4143 longo
592 4067 753 4133 intervallo.
769 4068 818 4126 sed
833 4078 947 4125 tantum
959 4087 1013 4124 suo
1064 4066 1209 4131 detractis,
1225 4067 1274 4124 ubi
1300 4086 1345 4124 res
1363 4065 1477 4134 tulerit,
1493 4066 1586 4143 adjec-

490 4146 631 4224 cujusque
645 4168 691 4205 res
705 4147 895 4224 quadriennio
910 4146 1012 4204 defini·
1064 4148 1138 4205 tiave
1149 4146 1306 4215 nonnullis,
1318 4146 1436 4223 quinam
1447 4157 1501 4205 aut
1510 4146 1588 4204 Grae·

490 4237 535 4283 tas
549 4226 932 4305 Graecicomprehensasque
946 4245 1012 4305 per·
1063 4248 1172 4292 corum,
1194 4239 1245 4284 aut
1271 4227 1436 4292 Persarum,
1457 4239 1511 4284 aut
1538 4241 1627 4306 po-a5

490 4305 666 4384 scripserint.
708 4307 903 4378 Quamobrem
918 4327 955 4365 ex
970 4307 1013 4365 fa·
1064 4307 1125 4385 puli
1151 4307 1278 4384 cujusvis
1306 4307 1434 4376 alterius,
1457 4307 1586 4384 ejusdem

490 4384 599 4444 bulosis
614 4386 680 4452 illis,
695 4407 760 4464 quac
774 4387 810 4444 ad
825 4387 945 4465 primam
964 4407 1014 4445 us.
1064 4399 1194 4465 tempore
1218 4386 1359 4454 floruerit,
1380 4387 1527 4465 aperiam:
1550 4389 1589 4445 sic

490 4484 548 4541 que
576 4466 778 4546 Olympiadem
804 4467 880 4524 fama
904 4467 1015 4525 caeteris
1064 4468 1140 4525 enim
1155 4468 1220 4544 ejus
1234 4487 1280 4525 me
1295 4467 1412 4525 demum
1427 4467 1508 4545 quod
1523 4487 1588 4547 pro-

491 4555 521 4603 et
542 4546 690 4605 homiuum
712 4548 850 4626 opinione
871 4547 1014 4626 praestite.
1064 4547 1190 4625 positum
1207 4547 1276 4604 mihi
1292 4557 1345 4614 est,
1360 4558 1525 4626 compotem
1543 4548 1588 4605 fu·

491 4625 560 4692 rint,
576 4626 703 4687 breviter
717 4629 881 4704 cursimque
898 4627 1012 4696 libatis;
1065 4638 1163 4685 turum
1178 4627 1324 4686 existimo.
1597 4646 1631 4702 30

490 4722 555 4781 qum
582 4718 682 4784 postca
710 4708 895 4785 contigerint,
923 4727 958 4765 ea
989 4705 1013 4765 si
1106 4706 1236 4765 Primum
1257 4707 1346 4785 igitur
1364 4705 1589 4766 celebratissima

491 4784 578 4843 modo
609 4787 732 4865 iusignia
761 4787 944 4855 videbuntur,
972 4788 1014 4845 ita
1064 4787 1114 4845 illa
1129 4788 1321 4846 Hebraeorum
1336 4787 1484 4864 migratio,
1497 4808 1589 4845 cuma

490 4883 556 4922 cum
578 4865 688 4926 Graecis
708 4867 833 4925 Hebraea
850 4879 1012 4935 contexam,
1064 4867 1351 4926 Nabuchodonosore
1366 4866 1528 4946 Babylonis
1545 4887 1589 4925 rc·

491 4954 525 5001 ut
546 4946 655 5005 Graccis
669 4948 763 5006 obiter
782 4947 923 5006 duntaxat
983 4968 1011 5005 r·
1063 4969 1099 5025 ge
1120 4948 1150 5005 in
1173 4947 1343 5006 servitutem
1369 4947 1489 5006 abducti
1511 4959 1587 5012 sunt,

490 5025 742 5091 strictis,historici
755 5047 834 5085 more
845 5028 939 5086 fusius
946 4968 1012 5086 lle-
1064 5048 1154 5086 annos
1168 5028 1266 5086 tenuit
1276 5028 1471 5106 septuaginta,
1481 5028 1526 5086 uti
1541 5028 1586 5084 fu·
1595 5043 1626 5102 35

489 5102 565 5162 braca
588 5120 747 5184 pertesum.
791 5107 826 5164 lu
853 5128 911 5184 quo
936 5108 1012 5185 ejus·
1065 5120 1162 5166 turum
1187 5107 1352 5167 Hieremias
1373 5120 1441 5166 ante
1465 5107 1586 5187 proedix-
