3917 6467
435 1109 500 1175 486
823 1109 1177 1176 ANNOTATIONES

434 1305 483 1344 σει
498 1279 617 1343 habent
632 1277 865 1359 παραλλάσσειν
876 1279 1029 1363 Syoccllru
1043 1287 1077 1344 et
1093 1280 1528 1364 Cedrmaamaatctworns

434 1380 583 1464 Scaliger.
629 1380 692 1444 Sed
715 1381 854 1447 retinent
876 1384 929 1462 τὴν
944 1383 1060 1446 Mssa
1078 1383 1217 1466 Spatalli
1232 1385 1383 1449 Parisini
1403 1408 1470 1450 cnm
1484 1389 1529 1451 Ce-

433 1483 526 1547 dronc
549 1491 582 1546 et
602 1482 774 1567 Scaligerc,
789 1486 874 1569 quod
897 1486 988 1549 abest
1009 1485 1051 1548 ab
1073 1485 1162 1550 edito
1182 1487 1336 1570 syncello.
1383 1487 1470 1553 Nunc
1488 1511 1529 1552 re

435 1586 520 1670 cepit
535 1585 611 1648 illud
627 1586 820 1650 Dindorfins.

478 1689 518 1751 P.
535 1687 646 1771 3021.
666 1707 715 1750 11.
733 1686 941 1766 καὶἝλληνες
962 1690 1009 1752 καὶ
1022 1687 1176 1774 Ἰουδαῖοι]
1201 1690 1258 1753 Ita
1278 1690 1472 1755 addiderunt
1490 1693 1530 1754 καὶ

433 1787 671 1864 οοῐοἝλληνες
689 1787 816 1853 Enaetii
836 1791 910 1853 MS.
928 1788 1055 1854 Vindot.
1072 1792 1237 1875 Syncellua
1255 1792 1470 1879 Scaligerquc,
1483 1792 1530 1855 md

435 1891 541 1955 omisit
563 1890 649 1954 istud
670 1893 718 1955 καὶ
727 1891 878 1970 Ἕλληνες
895 1893 1054 1957 chrenaa.
1099 1893 1150 1957 De
1170 1894 1290 1958 celebri
1312 1904 1424 1959 autem
1445 1895 1530 1958 trium

433 1993 588 2056 mensium
612 1993 644 2056 in
666 1994 861 2058 octaeteride
887 1994 1128 2059 intercalatione
1153 2017 1242 2059 cons.
1266 1995 1426 2061 illustrem
1447 1996 1528 2060 Neu·

434 2101 546 2158 tonum
561 2095 610 2157 Do
627 2095 765 2158 Cirorrol.
786 2097 846 2158 Vct.
863 2118 893 2179 p.
911 2112 962 2178 75.
977 2105 1011 2159 et
1034 2118 1120 2181 seqq.
1166 2099 1220 2160 De
1240 2098 1304 2161 hoc
1326 2098 1397 2183 ipso
1419 2121 1531 2183 quoqne

434 2195 579 2258 Africani
601 2195 669 2259 loco
692 2197 760 2281 agit
782 2196 959 2260 Bucherius
973 2198 1023 2261 Dc
1038 2198 1191 2261 Doctrina
1217 2201 1326 2283 Tcmp.
1343 2221 1375 2284 p.
1391 2219 1441 2284 25.
1456 2200 1530 2285 apud

434 2296 659 2362 Fabricianem
674 2299 837 2384 Hippolyti
851 2300 1019 2363 editionem.

479 2401 562 2463 lbid.
578 2401 597 2463 l.
613 2421 661 2485 13.
679 2403 726 2464 καὶ
740 2402 895 2486 τέταρτον]
914 2401 968 2466 Ita
983 2402 1106 2466 addunt
1121 2403 1169 2465 καὶ
1180 2401 1312 2467 Eusebii
1323 2405 1401 2469 MS.
1418 2404 1529 2468 Wndob.

434 2501 588 2585 opacatus
604 2501 815 2587 Scaligerque.
862 2504 943 2566 Mox
960 2502 1080 2565 habeut
1099 2502 1133 2564 hi
1153 2502 1218 2565 duo
1238 2505 1435 2587 posteriores
1455 2510 1530 2570 ὅσα·

435 2606 509 2668 ετίαι
525 2627 583 2689 pro
598 2607 810 2686 ὀκταετηρίδες.

479 2705 561 2770 Ibid.
576 2707 598 2768 l.
621 2727 665 2790 ¹5·
681 2710 772 2787 μῆνες
789 2704 882 2789 τρεῖς]
912 2707 1011 2770 Vetus
1030 2727 1127 2782 error,
1144 2728 1202 2790 pro
1224 2709 1275 2785 ἔτη
1298 2711 1378 2789 τρία,
1394 2710 1529 2772 omnibus

433 2808 593 2884 advectus,
611 2829 703 2892 quem
724 2816 832 2873 tamen
854 2807 886 2869 in
906 2807 1170 2891 interpretatione
1190 2830 1250 2871 sua
1264 2811 1528 2876 Denwnstrctioais

434 2911 554 2996 Eocep.
578 2918 771 2988 correxerat,
795 2910 848 2995 qui
870 2910 954 2974 idem
977 2933 1056 2995 opus
1077 2917 1154 2973 aute
1176 2911 1293 2975 Graeca
1320 2913 1411 2976 edita
1432 2912 1526 2986 vertit,

435 3015 585 3078 Donatus
602 3013 804 3078 Veronensis.

477 3115 559 3179 Ibid.
575 3115 595 3178 l.
618 3117 662 3178 16.
677 3114 816 3196 τριμήνου
839 3113 883 3198 δὲ]
908 3112 1014 3198 Vulgo
1037 3116 1074 3180 ὣς
1096 3114 1236 3195 τριμήνου
1259 3117 1302 3188 δὲ,
1327 3117 1394 3193 θοὰ,
1419 3138 1525 3201 expun-

433 3225 530 3302 gente
550 3219 582 3279 a
598 3215 777 3300 Scaligero;
802 3216 876 3279 olim
892 3214 1080 3300 particulam
1096 3217 1135 3281 ὡς
1150 3215 1300 3279 omittere
1316 3217 1395 3280 mihi
1410 3218 1524 3303 quidem

437 3319 538 3402 magis
553 3319 653 3381 visum
669 3325 728 3381 est.
775 3317 837 3380 Sed
854 3320 885 3380 δὲ
901 3340 983 3380 nunc
999 3317 1105 3380 omisit
1120 3317 1316 3381 Dindorfius.

478 3418 559 3481 Ibid.
575 3419 595 3481 l.
610 3436 657 3501 17.
667 3418 836 3502 γινομένης]
854 3418 927 3481 For.
940 3419 1106 3502 legendum
1122 3418 1289 3499 γινομένου,
1303 3426 1338 3481 et
1355 3421 1477 3482 Goarus
1490 3419 1523 3480 ad

432 3544 518 3584 oram
543 3520 677 3603 Syncclli
705 3521 941 3600 προσγινομένου
967 3522 1082 3605 posuit.
1131 3519 1285 3582 Mondose
1313 3523 1448 3599 γίνονται
1470 3522 1524 3583 Ea

432 3623 506 3686 salii
526 3624 600 3687 MS.
619 3620 742 3685 Vindct.
789 3623 938 3685 Proxime
964 3629 1037 3706 post
1064 3621 1225 3704 Syncellus
1253 3620 1456 3706 Scaligcrque
1479 3644 1523 3684 ex·

432 3724 543 3788 hibent
559 3726 608 3802 ἔτη
625 3724 784 3803 συνάγεται
800 3723 845 3786 ιε’.
862 3746 920 3808 pro
942 3724 992 3800 ἔτη
1014 3723 1057 3786 ιε’.
1075 3725 1187 3803 ὀλίγων
1207 3723 1325 3802 ἡμερῶν
1347 3726 1524 3786 ἀποδεόντων

432 3830 594 3907 γίγνονται,
611 3824 664 3887 ubi
680 3827 794 3905 γίνεται
809 3824 841 3886 in
856 3825 954 3887 eodem
968 3826 1043 3888 MS.
1060 3824 1181 3887 Vendat.
1198 3825 1360 3888 scribitur.

475 3928 558 3990 Ibid.
570 3927 589 3989 l.
607 3928 651 3988 18.
669 3933 760 3988 ταῦτα
776 3929 808 3988 δὲ
819 3927 892 4006 πρὸς
908 3933 969 3993 τοῖς
983 3925 1054 3990 υοε’.
1072 3928 1171 3989 ἔτεσιν
1187 3929 1217 3989 αἱ
1232 3927 1268 3989 c‘.
1283 3928 1449 4006 ἓβδομόδες
1463 3953 1524 3989 συν-

430 4031 600 4112 τελοῦνται]
620 4028 782 4112 Synoellus
796 4029 902 4091 editus
917 4028 1119 4113 Scaligerque
1131 4029 1222 4090 τοῦτό
1236 4053 1269 4091 τε
1285 4029 1360 4108 πρὸς
1382 4035 1442 4094 τοῖς
1461 4027 1522 4092 υοε’.

431 4132 531 4195 ἔτεσιν
556 4131 589 4194 o‘.
610 4134 784 4208 ἑβδομάδες.
831 4130 950 4194 Reddit
972 4131 1116 4193 Africani
1140 4131 1235 4193 verba
1255 4130 1314 4192 hoc
1339 4131 1434 4192 modo
1455 4130 1524 4192 Hie

430 4252 588 4315 ronymus,
608 4231 732 4308 Quodsi
747 4231 967 4315 quadrinpento
981 4233 1170 4316 aepitnnpintc
1191 4222 1322 4316 quinque
1340 4234 1434 4295 αυοτζι
1450 4232 1523 4294 nola·

429 4335 489 4396 eris
510 4334 622 4396 addere
643 4334 833 4417 ουρτιιορὶυίο
855 4357 1006 4397 annonem
1029 4334 1236 4410 Ιιοόιίουιοιίαο,
1250 4334 1303 4397 doc
1323 4336 1420 4408 estse?
1442 4334 1527 4398 simul

429 4457 522 4498 ουιιοο
545 4420 775 4518 qnodrinpcntos
794 4436 967 4519 necopinto.
1013 4436 1090 4499 Herc
1104 4436 1276 4517 Africanas
1294 4436 1404 4499 iisdem
1424 4436 1524 4511 certis,

429 4536 536 4621 quitos
565 4538 769 4619 expressimus,
807 4536 918 4600 ῖοουτιιο
946 4547 995 4600 est.
1058 4538 1259 4600 Transeamus
1290 4538 1337 4599 ad
1368 4537 1526 4601 Eusebium

431 4638 592 4722 Pamphili
619 4640 672 4700 &c
721 4639 873 4703 Fortasse
898 4639 930 4701 in
961 4639 1082 4703 Graecis
1111 4639 1326 4722 reponendum
1354 4648 1416 4715 est,
1440 4646 1526 4702 τοῦτο

428 4742 467 4801 δὲ
488 4743 514 4802 εἰ
535 4743 677 4818 προσθῇς,
698 4761 756 4824 pro
781 4745 871 4803 ταῦτα
894 4743 926 4803 δὲ
952 4739 1027 4821 πρὸς
1052 4739 1268 4822 &cquomodo
1292 4741 1413 4803 Latine
1436 4742 1526 4804 vertit

426 4848 517 4903 vetus
542 4841 697 4924 interpres
721 4842 870 4904 Donatus
894 4840 1091 4904 Veronensis.
1138 4840 1193 4902 Ad
1222 4862 1289 4903 rem
1316 4842 1419 4925 ipsam
1446 4844 1526 4929 quod

425 4942 554 5014 attinet,
587 4963 767 5025 quanquam
792 4942 900 5004 multis
922 4964 1083 5004 sacrarum
1110 4941 1273 5005 literarum
1300 4944 1525 5029 interpretibus

425 5043 544 5126 placuit
566 5044 634 5107 haec
660 5044 863 5128 septuaginta
890 5044 1122 5105 hebdomadum
1150 5065 1205 5125 per
1231 5066 1332 5108 annos
1358 5047 1477 5109 solares
1496 5047 1524 5108 iu

425 5144 551 5209 lunares
578 5169 746 5210 couversos
768 5146 947 5230 explicatio
964 5147 1006 5209 ab
1029 5146 1098 5209 aliis
1123 5155 1240 5223 tamen,
1258 5156 1294 5210 ut
1318 5149 1396 5228 dixi,
1417 5151 1524 5213 eadem

426 5255 475 5311 cst
497 5249 680 5330 reprobata,
704 5249 820 5312 idcirco
844 5248 1041 5332 potissimum
1064 5249 1148 5331 quod
1172 5271 1243 5332 quae
1267 5249 1395 5332 quidem
1416 5258 1523 5335 gentes
