3917 6467
430 1095 495 1157 358
802 1092 1155 1158 ANNOTATIONES

426 1256 544 1321 schelio
559 1255 665 1319 misso.
713 1256 765 1320 Ad
781 1256 849 1322 boee
860 1259 1002 1323 Gnarum
1017 1278 1143 1345 quoqne
1157 1260 1190 1324 in
1205 1259 1346 1324 editione
1362 1258 1501 1325 Parisisusi
1555 1318 1556 1323 ,

426 1358 491 1423 alia
505 1358 652 1442 quaedam
667 1357 848 1423 adhibuisse
862 1366 980 1444 praeter
995 1360 1129 1424 MStnm
1144 1382 1237 1425 suum
1252 1381 1292 1424 ac
1307 1359 1502 1445 Scaligerism
1555 1346 1556 1355 ἵ

426 1459 459 1522 id
470 1458 680 1543 colligendum
694 1459 819 1523 videtur
833 1481 873 1522 ex
887 1459 996 1525 multis
1006 1460 1205 1536 lectionibus,
1220 1482 1295 1546 quse
1314 1481 1381 1525 orae
1395 1460 1504 1545 Synedi

425 1559 468 1624 ab
491 1582 529 1624 eo
548 1559 650 1624 adlita
669 1569 752 1625 sunt.
798 1560 945 1626 Certiora
963 1570 1071 1626 autem
1086 1582 1314 1647 nonnunquam
1330 1561 1371 1627 de
1388 1561 1436 1626 his
1447 1560 1508 1627 nri·

425 1661 588 1726 ationibus
602 1661 791 1737 attulissem,
802 1662 828 1725 si
844 1662 891 1724 vir
905 1661 1049 1727 eruditus
1063 1662 1193 1728 Parisiis
1205 1685 1308 1748 nuper
1322 1663 1438 1749 degens
1449 1661 1509 1749 sp

426 1763 552 1840 cellum,
561 1784 654 1847 quern
669 1763 815 1848 parabat,
826 1785 898 1827 curn
909 1764 987 1828 orbe
1001 1764 1147 1830 litterato
1157 1764 1432 1830 communicasset.
1464 1764 1510 1829 lt

427 1871 536 1928 tamen
552 1885 618 1927 rem
631 1863 781 1928 benevole
796 1872 990 1948 procurante
1000 1865 1067 1929 viro
1082 1865 1179 1930 nobili
1194 1865 1338 1931 Ricardo
1351 1864 1512 1943 lichenem

427 1964 563 2029 multum
579 1965 670 2028 bonae
684 1964 786 2029 literae
801 1965 930 2042 debent,
939 1965 1011 2049 plus
1024 1965 1121 2031 etiam
1136 1975 1248 2051 postac
1264 1966 1512 2044 debiturum*

427 2065 547 2131 tionem
556 2066 690 2129 duorum
698 2065 892 2130 MSStorum
901 2065 1186 2131 vetustissimorum
1196 2073 1257 2131 τᾶν
1264 2065 1512 2149 ῥήσευνΑἰιὶωἰ

427 2168 513 2252 apud
530 2166 708 2252 Synoellum
723 2167 756 2230 in
771 2167 882 2231 eadem
900 2167 1071 2231 Parisiensi
1087 2167 1282 2233 bibliotheca
1300 2175 1513 2234 nmmum

426 2269 544 2353 accepi.
593 2268 723 2332 Illorum
738 2269 826 2354 prior
840 2268 976 2333 indicem
995 2269 1094 2334 habet
1113 2291 1200 2334 num.
1220 2274 1512 2354 1711,(antea713.

426 2395 466 2438 ac
488 2375 598 2455 2217.)
621 2372 661 2435 de
685 2393 748 2456 quo
768 2371 910 2435 nonnihil
926 2371 1187 2437 Montiauconius
1207 2371 1240 2436 in
1256 2372 1405 2437 Bibliotd.
1420 2371 1514 2437 Billis

427 2474 581 2540 enarum
596 2482 673 2538 tom.
686 2473 717 2536 ii.
728 2496 759 2558 p.
779 2473 1102 2558 1151.alternumerc
1121 2477 1213 2552 ¹764·
1225 2474 1383 2560 signatur.
1413 2474 1515 2539 Neuter

428 2597 513 2652 vero,
529 2583 685 2658 quantum
701 2597 739 2638 ex
753 2575 897 2639 Africani
909 2576 1036 2659 quidem
1046 2574 1142 2639 variis
1155 2574 1348 2641 lectionibus
1359 2575 1435 2640 milri
1445 2574 1516 2640 liene

424 2677 578 2762 judicare,
594 2677 787 2761 archetypus
809 2676 871 2742 suit
890 2677 1037 2741 Goarinae
1059 2675 1217 2752 editionis,
1239 2677 1357 2741 saltem
1380 2676 1516 2762 poste-ior

428 2779 552 2842 illorum
575 2800 638 2842 non
660 2778 740 2850 fuit;
768 2778 856 2863 prior
878 2778 1005 2863 quidem
1027 2778 1069 2843 ab
1095 2800 1135 2843 ea
1159 2777 1291 2862 propius
1313 2779 1417 2856 abest,
1436 2798 1516 2861 eoque

428 2902 513 2965 soepe
527 2902 603 2944 usus
617 2880 753 2945 sortasse
771 2888 821 2945 est
836 2882 972 2946 (icarus.
1016 2880 1169 2945 (iunioras
1183 2901 1258 2944 vero
1280 2889 1394 2945 notam
1414 2881 1454 2945 sd
1466 2879 1517 2963 Dy-

428 2989 514 3047 nest:
528 3004 595 3057 xrs,
610 2981 751 3065 aliosque
765 2981 861 3045 locos.
907 2982 960 3045 Ad
978 2982 1115 3047 alterum
1131 2981 1205 3045 MS.
1221 2983 1309 3066 quod
1328 2981 1458 3061 attinet,
1469 2979 1517 3044 elsi

429 3084 521 3149 initio
536 3091 569 3148 et
585 3085 646 3148 fine
664 3091 698 3148 et
717 3082 840 3168 aliquot
858 3082 929 3147 aliis
950 3105 1075 3168 quoque
1095 3083 1177 3147 foliis
1197 3083 1331 3147 mutilus
1353 3093 1413 3159 est,
1428 3092 1518 3148 tamen

429 3186 552 3272 copiam
576 3185 773 3270 egregiarum
796 3184 966 3249 lectionum
988 3185 1211 3270 suppeditavit.
1258 3185 1365 3249 lmmo
1386 3182 1518 3270 praeetit-it

429 3299 562 3371 uterque
588 3308 804 3371 saepenumero
828 3307 935 3350 veram
965 3286 1165 3371 scripturam,
1190 3307 1287 3370 quam
1314 3287 1471 3352 interdum
1487 3306 1518 3347 ex

429 3389 612 3473 conjectura
626 3396 752 3452 tuntum
768 3410 919 3473 reponere
935 3388 1012 3450 mihi
1024 3388 1124 3451 visum
1139 3388 1254 3464 iuerat,
1266 3389 1449 3473 multasque
1459 3388 1519 3451 Se

428 3491 517 3576 ligeri
532 3489 682 3553 lectiones
697 3488 906 3554 confirmavit.
944 3490 1061 3554 Confer
1075 3490 1112 3553 cl.
1131 3489 1279 3552 Bredorii
1297 3491 1453 3575 Eprctolcs
1465 3490 1520 3552 Po-

428 3591 565 3654 momen
583 3612 667 3654 nuno
687 3591 767 3653 1812
787 3591 890 3654 editas
910 3613 962 3675 pp.
982 3611 994 3653 ι
1000 3610 1054 3675 53,
1075 3611 1084 3652 ι
1090 3608 1142 3674 54.
1189 3590 1282 3653 Locis
1303 3590 1405 3674 igitur
1424 3588 1517 3675 paneis

429 3692 616 3775 quibusdam
632 3691 765 3767 omissis,
782 3715 852 3776 quae
874 3693 993 3756 diserto
1014 3692 1171 3756 destituta
1191 3691 1378 3756 testimonio
1395 3692 1521 3776 Scaliger

427 3793 543 3877 aliique
564 3802 636 3878 post
656 3816 728 3857 eum
745 3794 899 3857 Africano
918 3794 1145 3868 attribuerunt,
1161 3792 1284 3877 reliqua
1306 3795 1424 3869 omnia,
1440 3812 1520 3878 quam

428 3895 682 3958 emendatissime
697 3895 798 3979 potui,
809 3896 932 3958 edenda
946 3894 1073 3966 curavi;
1098 3894 1242 3959 Gedreno
1257 3917 1386 3979 quoque
1403 3896 1521 3958 chroro

427 3997 550 4080 grapho
565 3996 597 4058 in
613 3997 672 4059 hac
688 4019 722 4060 re
737 3997 892 4073 adhibito,
910 3997 962 4081 qui
981 3997 1014 4060 in
1030 3997 1245 4060 Historiarum
1262 3998 1447 4081 Gornpendio
1464 4019 1520 4070 suo,

427 4106 546 4182 praeter
566 4098 630 4162 alia
651 4121 762 4184 pauca,
784 4099 933 4162 nonnulla
955 4121 1063 4162 eorum
1087 4098 1247 4183 produxit,
1267 4120 1339 4182 quae
1361 4109 1442 4164 ante
1461 4118 1521 4162 eum

428 4200 583 4264 attulerat
599 4203 756 4286 Georgius
772 4202 822 4265 ille
839 4202 1010 4286 Syncellus.
1056 4201 1140 4264 Loca
1156 4200 1283 4284 insuper
1298 4199 1446 4285 insignia,
1463 4222 1522 4284 quae

429 4302 586 4365 Eusebius
611 4304 643 4365 in
667 4304 903 4387 Pruperatioee
926 4309 1023 4386 atque
1053 4302 1311 4365 Demorudrolione
1334 4304 1456 4387 noane
1476 4302 1522 4365 ad·

428 4403 526 4477 ducit,
542 4426 605 4467 non
626 4412 753 4468 tantum
774 4404 1003 4478 emendatiora,
1019 4403 1074 4466 sed
1095 4411 1129 4466 et
1150 4402 1295 4466 auctiora
1315 4425 1376 4487 ope
1399 4402 1522 4488 Syncelli

428 4513 462 4568 et
477 4504 610 4568 aliorum
631 4513 807 4580 auctorum,
823 4526 944 4567 necnon
965 4503 1108 4567 codicum
1124 4502 1254 4565 Eusebii
1272 4503 1369 4567 MSS.
1387 4501 1521 4588 praestiti.

429 4604 510 4668 Haeo
526 4605 600 4668 olim
616 4605 736 4690 scripsi.
782 4605 873 4668 Nunc
895 4605 1074 4690 nuperrime
1090 4625 1174 4667 anno
1195 4606 1274 4687 1829
1291 4604 1414 4668 Bonnae
1430 4606 1523 4668 editus

428 4715 477 4770 est
503 4707 664 4792 Synocllus
688 4729 709 4770 a
732 4707 798 4769 viro
822 4707 859 4769 cl.
876 4707 1044 4771 Guilielmo
1070 4704 1248 4780 Dindorfio,
1270 4705 1378 4789 quiin
1402 4714 1521 4770 auctore

428 4829 485 4871 suo
505 4810 702 4874 emendando
722 4808 798 4893 ipsis
818 4807 880 4871 illis
900 4809 1025 4871 duobus
1040 4807 1129 4870 libris
1147 4805 1300 4871 Parisinis
1321 4808 1418 4871 modo
1438 4805 1520 4870 dictis

428 4929 503 4972 usus
522 4918 591 4983 est;
614 4931 709 4994 quam
725 4910 852 4994 quidem
866 4910 1025 4973 editionem
1040 4910 1081 4972 nd
1093 4908 1239 4972 Africani
1251 4910 1354 4988 ῥήσεις
1369 4930 1453 4992 saepc
1465 4927 1517 4970 me

428 5029 556 5075 moram.
