3917 6467
437 1076 501 1138 202
807 1071 1159 1139 ANNOTATIONES

433 1244 582 1330 monaco
596 1243 813 1326 exemplarium
827 1243 966 1308 addicam
983 1243 1084 1331 &mla
1100 1245 1270 1330 dicaciter.
1285 1253 1321 1311 et
1342 1247 1437 1311 (ledea
1450 1246 1504 1311 MS.

434 1347 524 1411 Bodl.
540 1368 594 1411 seu
618 1345 716 1409 Saoil.
762 1345 853 1409 Nunc
874 1346 973 1409 addas
996 1347 1145 1433 Scaliyai
1165 1347 1237 1412 edit.
1256 1348 1360 1434 crept.
1379 1347 1507 1434 mciv

432 1449 468 1514 ia
479 1447 607 1513 dilliotl.
619 1447 744 1512 beiden.
782 1447 846 1511 Sed
856 1447 1023 1512 lectionem
1037 1457 1199 1535 receptam
1208 1448 1365 1531 Ἀρδοβοῦ
1379 1456 1508 1535 pmcn

432 1557 573 1616 testatur
596 1551 759 1614 Burtonus
782 1549 1412 1635 acica‘quoquemyicm,1’aaiom,
1433 1553 1509 1617 Vae

432 1661 466 1717 et
485 1652 686 1717 Flerecticoc.
732 1652 868 1733 Ἀρδοβὰ
886 1674 1001 1717 nomen
1020 1653 1170 1718 scribitur
1190 1676 1212 1718 a
1224 1654 1400 1740 Nicoploec
1417 1655 1469 1721 lib.
1482 1654 1511 1718 ir.

432 1775 501 1839 ccp.
523 1772 573 1818 22.

477 1855 515 1919 P.
531 1857 568 1918 18
569 1872 602 1939 5.
614 1854 634 1918 l.
648 1857 677 1918 6.
690 1855 825 1940 cedros]
839 1855 912 1919 Hoo
924 1864 985 1933 est,
997 1855 1134 1941 primum
1145 1856 1295 1930 omnium,
1307 1857 1371 1923 hae
1385 1864 1471 1923 secta
1481 1856 1513 1920 in

434 1957 581 2043 cipiente,
593 1965 669 2022 ante
684 1958 763 2022 alios
777 1980 895 2022 omnes.
931 1961 959 2023 N
963 1982 1006 2023 on
1021 1959 1117 2024 vertit
1132 1959 1285 2036 Rufinus3
1307 1959 1343 2023 iu
1352 1961 1430 2025 MS.
1439 1956 1514 2024 Beli

432 2083 550 2140 προτον
563 2068 613 2123 est
627 2059 695 2123 sine
710 2060 921 2124 circumflexo.

478 2160 561 2224 Ibid.
572 2164 646 2224 κατὰ
661 2162 790 2248 Γράπον]
808 2163 858 2226 Do
871 2163 1142 2229 Montanistarum
1156 2172 1230 2229 ortu
1248 2164 1369 2229 videsis
1382 2162 1517 2229 nonnulla

432 2261 516 2327 infru
529 2285 602 2348 pag.
620 2282 693 2327 210.
739 2264 914 2328 Montanus
929 2273 1037 2330 autem
1052 2267 1196 2330 sacerdos
1211 2267 1359 2331 ethnicus
1375 2266 1465 2353 prius
1477 2286 1517 2330 er·

432 2364 536 2430 titisse
551 2366 662 2429 fertur.
709 2365 785 2429 Vid.
802 2375 867 2431 not.
884 2367 916 2430 in
931 2369 1139 2432 Arouuouruu
1157 2367 1224 2433 Vol.
1243 2390 1271 2432 1.
1287 2391 1318 2454 p.
1334 2369 1413 2449 482.

476 2466 558 2530 Ibid.
574 2467 594 2529 l.
614 2488 661 2530 11.
677 2468 895 2549 cupariorum
911 2470 1076 2550 παράδοσιν
1091 2471 1139 2533 καὶ
1159 2473 1233 2533 κατὰ
1251 2469 1408 2556 διαδοχὴν]
1425 2470 1520 2535 Verba

431 2567 463 2630 in
478 2580 663 2652 sequentem
677 2569 805 2632 modurn
820 2570 888 2633 vult
902 2569 1107 2655 interpretari
1121 2569 1159 2633 ol.
1175 2569 1375 2634 Moshemius
1394 2571 1430 2634 iu
1445 2572 1518 2636 Coa

430 2678 519 2732 meat.
534 2670 584 2732 De
598 2667 697 2733 Reice
718 2669 959 2734 Christianorum
976 2680 1046 2734 acte
1066 2671 1215 2735 omnam.
1234 2672 1284 2734 M.
1304 2692 1345 2736 ea
1363 2671 1460 2749 enirn,
1472 2670 1521 2746 ait,

430 2770 514 2835 viros
529 2771 640 2834 doctos
655 2792 724 2835 sese
738 2770 913 2856 intelligere
928 2793 1060 2856 negare:
1086 2781 1105 2808 ‘⁸
1121 2771 1208 2835 Dicit
1222 2771 1361 2856 scriptor
1379 2773 1522 2857 antiquus

431 2871 660 2936 “Montanum
681 2894 728 2936 rea
736 2872 868 2956 suturae
886 2873 1085 2936 vaticinamus
1104 2894 1161 2936 aare
1181 2875 1261 2953 capi
1283 2873 1317 2936 τὸ
1341 2877 1418 2938 κατὰ
1438 2873 1523 2956 παρόν

430 2980 450 3010 “
462 2979 548 3038 δοσιν
559 2975 607 3038 καὶ
619 2978 693 3037 κατὰ
704 2975 845 3058 διαδοχὴν
854 2976 968 3038 ἄνωθεν
979 2978 1031 3052 τῆς
1042 2975 1199 3052 ἐκκλησίας
1210 2974 1286 3040 ἔθος.
1290 2985 1412 3059 proetor
1420 2996 1524 3041 mom

430 3085 449 3113 “
462 3087 550 3162 atque
561 3077 729 3140 lectitatum
742 3077 870 3141 amieria
880 3098 902 3140 c
916 3075 1080 3160 cuajorilruu
1093 3075 1241 3139 traditam
1249 3085 1281 3139 ct
1288 3077 1436 3142 ocelim
1446 3078 1524 3142 deis·

430 3188 448 3217 “
464 3202 531 3265 cepe
549 3180 730 3244 accessione
742 3189 958 3264 propccatcm.
1005 3177 1117 3242 Veteri
1143 3176 1291 3240 nimirum
1313 3195 1350 3242 et
1375 3187 1524 3266 perpetuo

429 3291 451 3321 ‘⁴
467 3282 605 3347 ecclesiae
620 3305 707 3346 more
723 3283 767 3346 sic
782 3288 1002 3365 eomparatum
1016 3286 1098 3355 erat,
1114 3287 1150 3342 ut
1164 3300 1235 3364 quae
1250 3279 1403 3344 invidiam
1422 3280 1525 3347 Chrie

429 3394 449 3421 “
464 3384 560 3448 tianis
582 3391 616 3448 et
635 3383 775 3469 pericula
794 3405 906 3467 parere
926 3389 1076 3466 poterant
1099 3381 1251 3465 dogmata
1273 3390 1307 3445 et
1334 3383 1475 3460 oracula,
1490 3385 1524 3446 de

427 3495 448 3524 “
465 3486 667 3550 Antichristo
682 3486 841 3560 nimirum,
858 3485 897 3547 do
913 3483 1049 3546 Romani
1065 3482 1151 3546 orbis
1172 3481 1306 3559 excidio,
1321 3485 1363 3548 da
1382 3487 1478 3550 malis
1495 3494 1525 3549 et

426 3596 448 3626 ‘⁶
463 3588 697 3653 calamitatibus
711 3586 959 3660 imminentibuS,
970 3591 1064 3648 caute
1079 3585 1324 3662 occultarentur,
1334 3608 1393 3650 nec
1403 3588 1524 3671 publicu

427 3698 449 3729 “
465 3689 756 3774 pronuntiarentur.
803 3690 904 3751 Istam
924 3685 1183 3750 consuetudinem
1202 3686 1380 3750 Montanus
1401 3688 1523 3752 desere-

428 3800 447 3827 “
462 3791 530 3869 bat,
544 3798 642 3874 atque
657 3812 696 3854 ea
711 3811 781 3874 quae
796 3789 829 3852 in
843 3810 976 3853 arcanas
990 3810 1084 3851 aures
1098 3787 1231 3851 dicenda
1249 3797 1352 3867 erant,
1367 3789 1401 3853 iu
1416 3791 1525 3876 vulgus

427 3896 447 3924 ‘⁸
462 3888 623 3952 efferebat.
670 3888 830 3964 Montani,
849 3886 1054 3972 praeoeptoris
1077 3887 1136 3963 sui,
1151 3887 1451 3971 periculosissimum
1475 3911 1525 3953 ex-

427 3999 449 4029 “
465 3990 602 4075 emplum
618 3991 807 4054 mulierculae
821 3989 1043 4065 imitabantur,
1059 4010 1129 4073 quae
1144 3989 1289 4073 partibus
1303 3990 1373 4074 ejus
1387 4013 1458 4055 sese
1472 3992 1524 4055 ad·

427 4101 445 4129 “
458 4092 642 4177 junxerant.
682 4092 884 4156 Praedioebat
898 4112 1011 4175 nempe
1026 4090 1215 4167 Maximilla,
1227 4089 1378 4170 πολέμους
1393 4095 1443 4157 sci
1458 4096 1524 4157 ὀπο-

426 4201 448 4231 “
464 4196 636 4266 ποστασίας,
654 4193 730 4256 bella
743 4204 770 4257 ct
791 4192 934 4257 tumult—ua
953 4191 985 4254 in
1005 4192 1137 4276 imperio
1152 4192 1307 4256 Romano.
1353 4195 1525 4276 (Eusebius

427 4301 447 4330 “
462 4295 544 4357 inira
570 4317 601 4379 p.
622 4298 707 4379 190.)
724 4303 822 4379 atque
847 4317 881 4358 se
907 4303 1034 4358 mortua
1060 4295 1177 4358 nullam
1200 4295 1337 4379 amplius
1362 4298 1524 4363 mulierem

427 4403 447 4433 “
463 4395 624 4460 fatidicam
639 4396 844 4473 exorituram,
855 4397 911 4460 sed
923 4397 1109 4469 συντέλειαν,
1119 4398 1396 4462 oocscmmctiom
1407 4401 1525 4464 scilicet

427 4505 445 4534 “
462 4503 514 4560 τοῦ
530 4500 635 4563 αἰῶνος
649 4520 705 4560 seu
720 4498 827 4561 mucidi
842 4498 982 4561 futuram
997 4520 1075 4561 esse.
1111 4497 1191 4562 Haeo
1206 4498 1334 4563 oracula
1348 4499 1428 4576 sola,
1439 4502 1467 4565 si
1477 4501 1523 4565 vel

427 4598 655 4681 “caeteroquin
685 4598 762 4661 nihil
788 4620 859 4662 cum
885 4600 949 4662 suis
976 4598 1153 4662 Montanus
1177 4598 1357 4664 admisisset
1384 4603 1522 4680 noxium,

426 4706 446 4734 “
461 4698 659 4762 Christianos
674 4699 822 4763 inducere
837 4700 996 4764 debebant
1011 4722 1069 4784 pro
1084 4700 1222 4764 ecclesiae
1233 4701 1336 4766 salute
1346 4702 1522 4787 vigilantea

425 4806 447 4838 ‘⁸'
463 4807 500 4863 ut
515 4799 667 4883 ejusmodi
685 4801 828 4865 hominos
847 4801 993 4865 incautos
1012 4809 1046 4865 et
1064 4802 1201 4865 audaces
1220 4802 1374 4868 societate
1394 4827 1454 4870 sua
1472 4830 1522 4871 ex·

425 4908 446 4940 “
461 4901 634 4964 eluderent.
672 4903 881 4978 Abuudubut,
891 4904 974 4987 quod
991 4910 1112 4966 veteres
1127 4925 1190 4967 uon
1205 4904 1416 4985 dissimulant,
1431 4911 1520 4974 Mon·

425 5011 448 5041 “
463 5002 592 5066 tanistae
601 5024 676 5066 vero
690 5004 919 5088 praedicabunt,
928 5011 1016 5067 scota
1028 5004 1176 5068 Montani
1186 5007 1389 5091 martyribus.
1425 5010 1520 5074 Forte

426 5111 445 5138 ‘⁶
460 5102 600 5190 plerique
615 5105 728 5169 horum
743 5127 807 5168 non
826 5121 893 5170 tarn
915 5106 1046 5182 Christi,
1061 5128 1158 5190 quam
1176 5107 1399 5192 imprudentiae
1420 5133 1458 5176 ac
1477 5121 1519 5176 te
