3917 6467
424 1099 490 1166 158
612 1096 838 1162 ΑΝΝΟΤΑΤ.
863 1096 911 1160 ΙΝ
933 1095 1029 1162 ΟΑΙΙ
1054 1093 1352 1161 FRAGMENTA.

426 1265 494 1332 caii
517 1266 677 1352 odjunotis
693 1266 813 1331 Volesii
836 1274 935 1353 atque
950 1266 1134 1332 Constantii
1151 1266 1237 1330 notis
1255 1265 1289 1329 in
1310 1265 1422 1329 eodem
1435 1271 1509 1328 tomo

425 1367 600 1433 oollooovit.

469 1472 520 1536 De
540 1474 736 1558 Frogmento
755 1472 841 1536 Libri
858 1472 908 1536 De
926 1472 1032 1538 causa
1046 1469 1194 1534 Universi
1214 1475 1362 1540 tontumz
1388 1467 1429 1531 de
1447 1468 1514 1552 Epi

425 1573 500 1637 stole
526 1576 561 1638 S.
579 1575 650 1638 Oait
672 1574 735 1638 fine
760 1574 847 1639 tertii
873 1574 967 1660 hujus
994 1572 1099 1637 saeonli
1124 1571 1261 1659 episcopi
1291 1569 1428 1634 Romani
1457 1570 1515 1634 haeo

426 1676 561 1740 addam:
586 1676 706 1740 editam
728 1675 856 1761 quidem
877 1676 964 1740 illam
988 1675 1099 1740 Romae
1119 1697 1188 1739 esse
1206 1671 1517 1739 onn016nssaCaes

426 1777 545 1841 Beoillo
561 1777 725 1852 Urbinnti,
742 1777 892 1861 subjectis
915 1777 1073 1860 Martyris?
1091 1777 1191 1854 Actis,
1209 1785 1246 1841 ut
1263 1798 1303 1841 ex
1324 1775 1518 1840 Hellervordi

426 1879 570 1944 Bittott.
590 1880 717 1943 Ouriosa
742 1877 929 1942 memoravit
954 1877 1069 1943 Gavius
1096 1878 1127 1941 in
1142 1879 1223 1942 Hist.
1240 1878 1305 1942 Lu.
1322 1899 1400 1942 voos
1420 1879 1520 1943 caio.

428 1980 511 2043 Mihi
535 2001 609 2044 vero
634 1978 774 2043 innotuit
797 2001 837 2042 ex
861 1978 988 2046 Oldoini
1011 1979 1135 2043 Addit.
1151 1981 1192 2043 ad
1218 1978 1362 2043 Ciooonii
1388 2002 1468 2065 opus
1488 1979 1521 2042 de

432 2083 659 2146 VitioaeGsstis
669 2081 853 2164 Pontificem
865 2080 1031 2165 epistolam
1046 2081 1128 2145 hano
1142 2104 1163 2145 o
1172 2083 1255 2146 Caes.
1266 2081 1386 2146 Beoillo
1395 2082 1521 2157 editnm,

425 2182 514 2247 houd
535 2183 630 2246 aliam
644 2203 713 2246 esse
733 2190 830 2266 atque
851 2183 1099 2266 pseudonymnm
1113 2182 1280 2268 epistolam
1293 2183 1438 2269 ejusdem
1459 2181 1522 2247 Gaii

426 2308 446 2349 a
456 2284 549 2348 Binio
559 2283 734 2367 oeterisqne
745 2284 920 2347 editoribus
935 2283 967 2347 in
977 2284 1189 2349 Gonoiliorum
1199 2285 1296 2349 tomis
1307 2285 1458 2369 positam.
1476 2287 1522 2348 At

427 2408 502 2451 vero
517 2393 675 2450 servatam
690 2406 758 2449 esse
774 2384 806 2447 in
827 2384 962 2449 archivis
982 2388 1067 2470 apud
1083 2385 1282 2450 Christianos
1297 2385 1523 2450 Mnlahnrnnos

428 2489 578 2553 oertiores
592 2509 650 2551 nos
664 2486 740 2551 feeit
752 2488 927 2568 Geddesius
942 2487 1036 2572 hujus
1047 2487 1115 2552 Gaii
1130 2487 1267 2573 episoopi
1280 2487 1417 2551 Romani
1433 2488 1523 2551 aliern

427 2591 587 2678 quondam
608 2588 796 2673 epistolnm3
819 2588 851 2652 in
867 2611 930 2673 qna
949 2588 1095 2654 ferebant
1116 2590 1296 2653 oonfessnm
1313 2612 1384 2654 esse
1405 2591 1522 2666 Caium,

428 2716 493 2758 non
525 2691 626 2778 magis
655 2689 704 2754 sni
733 2712 801 2755 esse
831 2691 1032 2776 interponere
1065 2714 1099 2756 se
1130 2692 1225 2756 rebus
1254 2691 1394 2756 eoolesiae
1426 2692 1523 2778 Baby·

427 2794 548 2870 loniae,
573 2813 668 2878 quam
693 2790 776 2855 illius
801 2791 939 2856 eoolesiae
963 2793 1176 2857 membrorum
1202 2815 1271 2857 esse
1296 2794 1473 2858 immisoere
1493 2815 1526 2857 se

428 2898 524 2961 rebus
542 2893 681 2959 eoolesiae
703 2895 869 2959 Romnnae.
915 2894 993 2958 Vid.
1013 2895 1185 2960 Historiam
1204 2896 1274 2981 ejus
1290 2896 1438 2961 Ecclesia
1455 2897 1525 2960 Me·

430 2997 527 3064 honr.
545 2994 681 3081 Anglion
695 2995 803 3080 lingua
817 2997 1040 3082 oonsoriptam.
1055 3021 1087 3082 p.
1105 3014 1156 3081 70.
