3917 6467
426 1124 491 1186 502
795 1119 1151 1185 ANNOTATIONES

426 1290 458 1353 in
477 1290 643 1362 Glaesiae,-
671 1291 800 1355 Marcus
821 1289 965 1354 Aureliae
983 1291 1157 1354 Antoninus
1179 1290 1524 1356 xx—Almaaea

427 1392 591 1477 Aupastas.
629 1392 695 1455 Hie
711 1394 789 1456 Oosc.
805 1393 840 1455 ia
855 1391 1030 1456 Palaestina
1044 1392 1220 1478 Nicopolis,
1235 1414 1306 1477 qeoe
1313 1393 1409 1476 prise
1422 1393 1525 1456 Eamus

426 1493 601 1569 vocabatur,
616 1492 688 1556 urbs
709 1494 830 1557 caedite
852 1503 900 1557 est.
947 1493 1106 1557 Additum
1127 1493 1160 1556 in
1176 1493 1311 1557 Eusebii
1330 1493 1478 1569 Chronico,
1491 1516 1525 1556 ex

427 1618 490 1679 quo
505 1602 669 1679 postrema
690 1595 826 1679 sumpsit
841 1594 1061 1671 cassiodorus,
1076 1594 1235 1680 lapaticais
1249 1595 1440 1658 iudustriam
1455 1596 1485 1656 in
1497 1617 1525 1658 ec

426 1698 601 1781 cuempiam
614 1697 699 1759 Jclto
715 1697 865 1779 Africano
886 1697 1031 1781 scriptore
1045 1706 1220 1782 temporam.
1269 1697 1346 1760 Vid.
1361 1697 1524 1761 cassiodori

426 1799 543 1864 Chron.
567 1821 598 1882 p.
617 1797 689 1875 208,
712 1799 770 1863 vol.
790 1797 835 1861 ΙΙ.
867 1797 1069 1862 Vetustioram
1091 1799 1163 1862 Lat.
1190 1797 1422 1876 camuranam,
1448 1796 1522 1860 Ron-

427 1899 519 1963 callio
537 1900 661 1963 edente,

473 2200 589 2265 Fnsrrs
611 2203 795 2267 collectione
819 2201 1088 2288 Fragmentorum
1104 2200 1262 2280 Africani,
1278 2223 1417 2287 quorum
1437 2200 1523 2266 mults

428 2325 538 2367 omnes
561 2311 594 2368 et
617 2305 766 2389 singulos,
783 2305 868 2389 quod
892 2305 1001 2381 sciam,
1024 2303 1166 2367 historiae
1189 2302 1344 2367 literariae
1368 2303 1523 2387 scriptores

429 2404 582 2469 hactenns
603 2407 765 2492 sugerunt,
780 2407 899 2492 aliquid
923 2408 1000 2471 mihi
1024 2406 1238 2491 adjiciendum
1259 2428 1376 2470 censeo
1399 2406 1439 2469 de
1461 2426 1523 2468 non

428 2506 522 2570 nullis
543 2508 701 2593 opusculis
716 2531 754 2573 ac
769 2509 846 2572 locis
861 2508 964 2572 eidem
979 2508 1182 2592 chronologo,
1196 2507 1371 2586 immerito,
1387 2508 1421 2570 ni
1435 2507 1523 2581 fallor,

428 2616 486 2672 aut
501 2608 613 2672 saltem
630 2611 808 2690 ἀμαρτύρως,
824 2609 1000 2673 attributis.
1047 2608 1149 2670 Misso
1167 2607 1322 2670 Oastcmm
1344 2607 1437 2682 libro,
1452 2605 1523 2690 quod

430 2710 556 2793 quidem
577 2733 656 2795 opus
680 2711 934 2775 semi-ethnicum
956 2717 1053 2794 atque
1077 2709 1189 2772 incerti
1213 2709 1368 2783 auctoris,
1391 2708 1523 2771 mutilum

428 2819 526 2894 atquc
542 2812 777 2896 interpolatum,
790 2813 830 2875 de
845 2813 1002 2896 rebusque
1017 2811 1213 2875 naturalibus
1228 2833 1339 2895 agens,
1351 2810 1394 2873 ad
1412 2817 1523 2872 nostras

429 2921 516 2976 certe
548 2913 689 2977 rationes
719 2914 797 2977 nihil
828 2914 990 2998 pertinet;
1022 2913 1166 2998 neglecta
1198 2912 1293 2976 simul
1325 2912 1473 2975 Passieno
1497 2911 1521 2972 S.

429 3014 635 3100 Saeptorcsoe
656 3026 682 3079 ct
703 3026 810 3100 emtam
823 3016 963 3097 filiorum
977 3015 1051 3098 ejua
1068 3036 1164 3099 quam
1179 3014 1308 3099 quidem
1323 3015 1366 3077 ab
1381 3013 1522 3076 Africam

429 3117 524 3181 scribi
540 3140 632 3202 posse
647 3124 680 3181 et
694 3117 916 3181 Tillemontius
932 3127 966 3182 et
980 3116 1156 3181 Ruinartus
1174 3117 1359 3200 opinantur,
1376 3137 1447 3200 quae
1461 3134 1522 3178 vero

429 3220 515 3283 nullo
536 3220 649 3283 idoneo
670 3219 746 3283 nixa
766 3219 950 3283 testimonio
970 3218 1000 3281 ei
1022 3218 1234 3303 abjudicanda
1248 3218 1396 3289 videtum
1421 3222 1521 3280 notatu

429 3323 560 3405 dignum
581 3330 641 3399 est,
664 3325 796 3385 Petrum
818 3321 1022 3384 Lambecium
1046 3327 1134 3383 tomo
1150 3343 1177 3382 v.
1197 3321 1359 3383 Comcneut.
1381 3320 1416 3382 ia
1436 3316 1513 3381 Bibl‘

428 3424 484 3486 oct.
511 3422 635 3487 Viadcb.
662 3447 693 3507 p.
712 3443 752 3506 35
756 3440 787 3506 5.
813 3422 928 3486 codicis
953 3422 1057 3485 Graeci
1081 3421 1269 3497 meminisse,
1296 3422 1330 3482 in
1356 3442 1419 3503 quo
1444 3424 1520 3482 extat

429 3525 573 3588 Africani
590 3527 744 3588 Narratio
764 3525 801 3587 a'e
821 3526 861 3587 lis
882 3547 949 3609 qaoe
969 3525 1152 3609 contiperaut
1167 3524 1201 3585 c'a
1217 3522 1351 3586 Perside
1360 3544 1421 3605 per
1434 3522 1520 3583 isacar-

428 3629 577 3690 ltationem
604 3631 664 3709 (διὰ
688 3631 739 3704 τῆς
763 3626 1026 3707 ἔνανθρωπήσεως)
1056 3626 1178 3688 Christi.
1231 3627 1328 3687 Hanc
1352 3624 1519 3687 narratiun-

429 3728 531 3791 culam
555 3728 808 3812 Ctroncpraptioe
832 3727 976 3790 Africani
1001 3735 1126 3812 partem
1148 3727 1243 3789 fnisse
1267 3725 1383 3789 Gavius
1408 3726 1521 3808 quidem

429 3830 608 3915 suspicatus
635 3836 709 3902 est;
742 3837 912 3912 postquam
935 3829 1063 3892 veroin
1087 3850 1189 3890 meam
1211 3827 1352 3912 gratiam
1375 3827 1520 3909 descripta

429 3939 524 4007 esset,
551 3932 651 4015 ipsam
676 3930 747 3992 novi
771 3930 932 3992 continere
955 3930 1004 3991 nil
1033 3930 1092 3991 nisi
1119 3950 1223 3991 meras
1253 3950 1356 4013 ungas
1382 3951 1420 3991 ac
1447 3953 1520 4007 τερα·

428 4033 571 4112 τολογίαν
607 4032 645 4093 de
680 4031 875 4115 profectione
912 4030 1085 4114 Magorum
1116 4031 1157 4093 ad
1190 4030 1406 4094 venerandum
1442 4027 1519 4092 Chri-

428 4141 522 4196 stum.
568 4134 617 4195 Dc
641 4133 733 4195 stella
755 4141 863 4195 autem
887 4154 907 4195 a
932 4132 1039 4216 Magis
1061 4132 1138 4208 visa,
1160 4132 1293 4195 eandem
1318 4153 1339 4194 a
1361 4133 1521 4194 Zoroastre

428 4234 614 4318 praedictam
650 4234 756 4310 fuisse,
788 4255 828 4296 ex
865 4234 1049 4297 auctoribus
1079 4233 1295 4297 Orientalibus
1332 4233 1432 4296 refert
1461 4231 1520 4294 Pri·

428 4337 582 4400 deauxius
604 4336 655 4400 lib.
673 4337 714 4401 iv.
738 4336 819 4400 Hes.
844 4337 905 4400 Vct.
929 4344 958 4400 et
978 4337 1059 4400 Noc.
1080 4337 1155 4400 Test.
1177 4337 1305 4399 Caenea.
1330 4358 1363 4419 p.
1380 4354 1455 4419 329.
1478 4332 1523 4417 qui

427 4439 544 4502 ibidem
571 4440 704 4515 monuit,
728 4438 835 4502 omnia
856 4439 925 4502 haec
947 4445 1077 4524 sumpta
1099 4437 1196 4501 videri
1220 4460 1259 4501 ex
1282 4438 1437 4501 fabulosis
1460 4435 1522 4499 Ori·

427 4541 579 4605 entalium
598 4540 853 4605 Christianorum
875 4540 1012 4626 scriptis.
1058 4541 1103 4604 Et
1126 4547 1295 4623 postquam
1318 4540 1388 4602 haec
1412 4536 1523 4622 scripsi,

427 4644 543 4706 certior
557 4643 660 4706 factus
683 4665 752 4705 sum
775 4665 795 4705 a
817 4643 855 4706 cl.
872 4643 1021 4705 Harlesio
1037 4643 1069 4705 in
1086 4641 1289 4726 Suppbmcat.
1306 4641 1353 4703 ad
1366 4640 1524 4704 Introduc.

427 4761 516 4803 suam
532 4741 566 4802 ic
581 4741 672 4823 Liap.
692 4740 746 4803 Gr.
762 4742 822 4805 vol.
837 4741 868 4804 ii.
886 4764 916 4825 p.
927 4758 1002 4825 370.
1020 4741 1139 4804 editam
1154 4740 1251 4803 fuisse
1266 4740 1351 4803 hanc
1368 4738 1525 4803 Narratio

427 4863 498 4904 nem
520 4864 604 4904 anno
623 4843 714 4919 1804.
731 4865 771 4905 ex
790 4842 873 4905 binis
888 4843 989 4906 Oodd.
1006 4843 1136 4905 Monac.
1154 4864 1224 4904 cum
1242 4841 1362 4905 Latina
1378 4841 1526 4904 Versicne

427 4951 459 5006 et
484 4943 568 5007 notis
593 4943 710 5006 criticis
733 4967 753 5007 a
768 4945 835 5007 viro
852 4945 965 5016 docto;
993 4943 1045 5028 qui
1071 4950 1156 5006 recte
1176 4943 1391 5026 judicaverat,
1407 4950 1525 5006 tantum

425 5043 548 5120 abesse,
563 5052 599 5107 ut
617 5043 767 5107 Narratio
783 5045 871 5109 istaec
894 5047 934 5109 ad
956 5046 1144 5129 scriptorem
1165 5044 1306 5108 omnium
1327 5045 1525 5127 antiquorum

426 5165 480 5206 cre
511 5144 704 5208 celebratum
734 5147 843 5209 referri
876 5147 985 5230 possit,
1018 5155 1054 5209 ut
1089 5146 1220 5208 nihilum
1251 5147 1382 5229 quidem
1416 5146 1525 5210 habeat
