3917 6467
435 1088 499 1150 ιοι
803 1086 1164 1152 Annomrrorms
1224 1037 1228 1041 ’

434 1250 586 1334 Scaliger,
602 1251 665 1314 Τὸν
689 1254 746 1330 μὲν
771 1255 830 1335 γὰρ
845 1251 985 1335 Ὤγυγον
1003 1252 1155 1318 Ἀκταῖον.
1203 1253 1384 1339 Stephanus
1402 1253 1502 1338 Bynut

434 1357 482 1419 De
500 1353 630 1419 Urbibus
644 1364 672 1417 et
686 1355 814 1439 Ρορυίίο
826 1378 854 1419 v.
866 1354 967 1435 Ἀκιή.
1006 1355 1106 1435 Ἀκτὴ,
1123 1358 1216 1422 οὕτως
1230 1354 1377 1434 ἡἈττικὴ
1391 1357 1503 1425 ῖιολεῐιι,

434 1458 493 1521 ἀπὸ
508 1459 646 1520 Ἀκταίου
668 1460 757 1523 τινός.
801 1456 895 1538 Ἀνὴρ
921 1461 953 1521 δὲ
979 1458 1017 1536 ἣν
1044 1458 1211 1539 αύτόχθαν,
1237 1458 1278 1524 ὣς
1298 1455 1505 1537 Φαβωρῖνοςῖι

434 1561 639 1638 ἔβασθιευσεν
661 1562 734 1636 ἐκεῖ,
749 1560 797 1622 καὶ
819 1558 871 1640 ἀφ’
893 1561 999 1623 ἑαυτοῦ
1019 1562 1094 1622 οὕτω
1120 1558 1175 1636 τὴν
1201 1559 1306 1641 χώραν
1329 1558 1506 1637 ὦνόμασε,ιθ

434 1662 501 1728 τοὺς
516 1663 617 1728 λαούς.
661 1660 892 1741 Ἀπολλόδωρος
907 1664 939 1724 δὲ
954 1662 1098 1724 τᾶναντία
1113 1661 1218 1741 φησίν
1241 1662 1319 1723 οὕτω
1339 1662 1396 1740 γὰρ
1414 1659 1507 1736 ἐκλήθη,

435 1762 537 1825 διὰτὸ
558 1764 635 1826 πολὺ
656 1764 746 1844 μέρος
768 1764 855 1842 αὐτῆς
877 1767 1079 1827 καθικνεῖσθαι
1102 1765 1144 1828 εἰς
1165 1761 1343 1825 θάλασσαν.
1384 1763 1508 1842 Τριγύιοι

432 1868 490 1945 γὰρ
507 1866 608 1943 οὔσης,
625 1868 656 1928 αῖ
671 1867 849 1928 συνεύουσαι
868 1864 925 1928 ὑπὸ
945 1864 979 1926 τὸ
996 1865 1121 1927 Σούνιον
1141 1865 1328 1943 ἑκατέρωθεν
1342 1864 1392 1926 δύο
1410 1861 1507 1940 τλευριῖ

432 1966 573 2047 παράλιοι
588 1967 780 2048 τνγχάυουσι.
827 1964 874 2029 Δι’
891 1966 925 2032 ἃς
944 1971 1004 2028 τῶν
1024 1965 1073 2027 ἐπὶ
1094 1964 1247 2043 Κέκροπος
1266 1969 1373 2044 φυλῖιν
1391 1963 1507 2042 τεπθριν

433 2068 542 2142 ούσιῖν,
569 2070 620 2131 δύο
646 2070 905 2150 προσηγόρευσαν,
927 2065 1071 2129 Ἀκταίαν
1095 2066 1143 2128 καῖ
1165 2067 1343 2145 Παραλίαν.
1368 2086 1398 2148 p.
1416 2063 1507 2148 55.ed

435 2167 547 2232 Pined.
593 2171 736 2254 Ogygem
757 2191 831 2233 vero
857 2169 890 2231 in
914 2167 1029 2232 Attica
1053 2165 1238 2229 Eleusinem
1263 2165 1444 2242 condidisse,
1458 2186 1506 2249 qus

431 2270 610 2354 antiquitus
633 2271 808 2335 vocabatur
823 2272 915 2346 Acte,
932 2276 966 2333 et
990 2268 1070 2332 elias
1093 2268 1248 2352 plurimas
1268 2269 1422 2344 civitates,
1434 2267 1507 2330 reiut

433 2372 590 2435 Eusebius
604 2372 637 2435 in
655 2372 799 2436 Chronico
814 2372 856 2436 ad
870 2393 943 2435 ann.
959 2393 1105 2433 ccxxxvi.
1127 2369 1204 2432 Vid.
1221 2392 1322 2455 supra
1335 2378 1399 2434 not.
1414 2392 1441 2454 p.
1452 2387 1505 2448 429.

476 2475 515 2538 P.
530 2490 601 2557 275.
613 2473 635 2535 l.
651 2495 699 2537 12.
711 2472 789 2537 Ἀπὸ
803 2473 938 2555 Ὠγύγου
952 2474 1054 2536 τοίνυν
1068 2471 1140 2556 dre]
1157 2471 1238 2536 Cum
1254 2473 1306 2536 his
1317 2472 1417 2537 verbis
1429 2473 1506 2534 denuo

431 2574 550 2659 incepit
569 2574 704 2659 Syncelli
725 2583 909 2660 excerptum
924 2596 996 2659 pag.
1013 2578 1064 2653 64.
1081 2573 1351 2659 θῖνοαορταρίιῖα,
1365 2574 1444 2658 quod
1455 2592 1507 2635 cun

431 2676 535 2740 verbis
551 2679 590 2743 ὥς
603 2704 682 2744 τινες
696 2699 795 2762 prope
809 2678 904 2740 finem
919 2681 969 2755 τῆς
983 2675 1097 2758 ῥύσεως
1109 2676 1320 2741 concluditur.
1359 2677 1433 2740 Mox
1446 2677 1506 2738 ἂλλῖ

431 2778 505 2842 inde
520 2779 703 2862 suppletum
718 2787 794 2842 onte
810 2781 858 2842 καὶ
872 2778 992 2843 addidi.

477 2880 561 2944 Ibid.
586 2881 605 2942 l.
627 2900 675 2964 15.
701 2881 850 2958 Πολέμων
878 2878 1097 2964 μὶν-λέγει]
1129 2879 1180 2942 Ex
1209 2880 1349 2963 Syncello
1368 2880 1447 2960 λέγει
1465 2897 1505 2961 pro

430 2983 531 3066 λέγων
554 2983 655 3068 posui.
701 2983 766 3046 Pro
790 2983 929 3046 numeris
943 2980 1046 3070 ‘conc'
1064 2983 1162 3047 habet
1183 2982 1280 3068 ,ασλέ
1302 2983 1464 3068 syncellus,
1478 2980 1505 3041 de

431 3106 494 3169 quo
514 3085 633 3169 sumpsi
657 3085 690 3148 in
713 3085 927 3169 superioribus
953 3087 1154 3166 Αίγυπτιακοῦ
1177 3105 1236 3168 pro
1260 3088 1429 3166 Αἰγυπτίου.
1466 3081 1505 3144 (λ-

430 3193 536 3250 terum
562 3188 602 3251 de
629 3187 733 3271 Apide
756 3186 916 3250 Phoronei
940 3185 1003 3249 filio
1027 3207 1113 3249 cons.
1138 3187 1214 3250 Cor.
1239 3185 1393 3271 Stephani
1414 3183 1505 3249 Didio

430 3289 556 3352 narium
571 3312 592 3353 e
609 3288 742 3373 Lloydio
757 3288 888 3352 editum.

475 3391 513 3453 P.
531 3393 604 3472 276.
621 3390 640 3452 l.
660 3409 688 3454 2.
706 3390 801 3474 αὐτοὶ]
816 3391 897 3453 οὗτοι
912 3389 1068 3472 Syneellus
1082 3411 1140 3473 pro
1155 3389 1248 3452 αὐτοί.

476 3492 560 3555 Ibid.
581 3491 601 3553 l.
617 3511 648 3574 3.
670 3494 896 3572 περιεργότατος
925 3489 1147 3575 γραμματικῶν]
1170 3490 1282 3554 Habet
1308 3489 1431 3554 Eusebii
1451 3489 1505 3551 MS.

431 3595 464 3656 S.
481 3595 573 3657 Joon.
590 3616 698 3657 vocem
714 3593 802 3656 nihili
818 3598 1083 3673 σνγγραμμιτικῶν.

476 3696 559 3759 Ibid.
576 3695 595 3758 l.
611 3712 641 3779 5.
657 3696 819 3777 Ἀμῶσιος]
844 3694 939 3757 Hunc
959 3695 1095 3778 primum
1116 3695 1148 3756 in
1172 3716 1282 3777 regum
1303 3693 1506 3778 AEgyptiorum

429 3797 590 3882 Dynastie
613 3820 701 3858 xvm.
730 3795 836 3879 posuit
857 3794 1038 3858 Africanus.
1083 3802 1206 3875 Πρῶτος
1221 3799 1328 3874 Ἄνθις,
1353 3795 1459 3878 inquit,
1474 3778 1506 3867 ἐφ’

429 3900 464 3962 ού
480 3902 495 3960 ὁ
512 3903 626 3976 Μωσῆς
642 3901 767 3976 ἐξῆλθεν
783 3896 831 3959 ἀπ’
849 3900 1009 3977 Αἰγύπτου,
1027 3899 1065 3963 ὡς
1082 3899 1164 3975 ἡμεῖς
1185 3898 1408 3975 ἆποδείκνυμεν.
1450 3891 1505 3954 Vid.

429 4023 525 4084 supro
545 4023 617 4084 pag.
638 4019 655 4063 ν
657 4002 711 4083 56.
756 3999 899 4061 «Iacobus
921 4006 1029 4061 autem
1048 3998 1231 4061 Perizonius
1252 3999 1285 4060 in
1300 3995 1506 4084 AEyypt.01i9·

429 4102 538 4163 Ιιιοαςί.
556 4123 625 4184 cap.
646 4102 694 4163 18.
710 4099 782 4162 huic
804 4099 986 4162 testimonio
1003 4100 1139 4182 Apionis
1161 4101 1201 4162 de
1215 4101 1319 4162 exodo
1335 4102 1507 4165 adversatus,

428 4204 513 4285 quod
528 4203 715 4266 Africanum
730 4201 753 4263 J
756 4201 862 4264 ustino
884 4201 917 4263 in
940 4201 1056 4263 θοΙιοιύ.
1073 4202 1117 4264 ad
1132 4202 1254 4265 Graecos
1268 4202 1414 4265 debuisse
1430 4201 1509 4263 minus

427 4310 513 4365 recte
539 4303 698 4386 opinetur,
723 4303 791 4365 haec
818 4302 939 4378 scribit,
966 4302 1102 4366 “Valde
1128 4302 1204 4364 mihi
1230 4302 1282 4364 hic
1308 4312 1455 4387 suspectu
1477 4304 1509 4362 ed

428 4405 542 4467 “fides
563 4403 685 4467 Justini
709 4411 742 4466 et
765 4402 930 4476 Africeni;
955 4424 1030 4465 nam
1051 4403 1224 4487 Josephus‚
1247 4404 1301 4488 qui
1325 4427 1365 4468 ex
1392 4405 1511 4489 professo

427 4510 448 4537 “
463 4514 567 4566 contro
591 4505 742 4588 Αρῖοοονι
765 4504 848 4568 hunc
873 4503 1010 4587 scripsit,
1031 4503 1124 4588 longe
1147 4504 1243 4567 ulium
1270 4505 1384 4569 tribuit
1409 4507 1436 4569 ei
1461 4525 1512 4568 sen·

428 4610 447 4639 “
463 4604 599 4666 tentiam
615 4606 654 4668 de
669 4606 692 4666 J
696 4605 857 4668 udaeorum
873 4604 993 4689 origine
1005 4627 1044 4667 ex
1056 4605 1214 4689 AEgypto.
1247 4605 1410 4670 Nimirum
1425 4607 1514 4690 pulso

426 4710 447 4739 “
464 4704 560 4767 fuisse
586 4704 735 4789 AEgypto
765 4714 896 4790 propter
924 4706 1045 4789 lepram
1071 4713 1104 4770 et
1131 4707 1210 4769 alios
1236 4711 1381 4792 corporis
1406 4710 1515 4773 morbos

404 4859 407 4865 ,
427 4812 445 4839 “
462 4823 542 4867 cneo
561 4826 587 4868 1.
607 4807 799 4889 Olympiadis
814 4829 868 4869 vn.
884 4829 944 4891 quc
959 4816 986 4870 ot
1001 4807 1089 4869 Poeni
1103 4808 1318 4893 Cortbcyinem
1333 4811 1515 4874 concidens.

425 4913 447 4940 “
463 4905 585 4969 Ducem
600 4915 708 4970 eutem
724 4930 778 4971 eos
795 4920 870 4971 tunc
891 4908 1040 4971 habuisse
1056 4908 1171 4973 Mosen
1192 4913 1352 4993 quendam
1366 4911 1516 4998 Ηοίὶοροίῖ-

426 5013 445 5040 “
461 5016 578 5085 tonum,
594 5011 647 5094 qui
671 5010 756 5093 leges
780 5013 825 5074 eis
849 5012 921 5074 dein
946 5013 1079 5076 dederit.
1103 5036 1155 5096 pp.
1177 5017 1382 5091 1061,1062.
1428 5015 1518 5081 Meui-

425 5111 446 5142 “
461 5108 542 5173 sesto
559 5111 628 5176 haec
649 5110 776 5195 quidem
796 5113 866 5177 falsi
886 5121 1077 5198 arguuntur,
1092 5116 1140 5179 vel
1160 5138 1199 5180 ex
1220 5117 1288 5183 sole
1308 5121 1461 5205 temporis
1479 5141 1517 5182 ru
