3917 6467
509 1084 573 1146 118
875 1080 1229 1146 ANNOTATIONES

507 1263 632 1338 emptor.
677 1252 740 1316 Sed
756 1254 860 1338 Proep.
873 1252 995 1336 Εααιιρ.
1012 1252 1122 1332 ἔτρεψε
1137 1253 1154 1313 ὁ
1170 1251 1286 1331 Κύριος,
1298 1249 1390 1335 eujus
1401 1251 1518 1315 Mon
1536 1251 1605 1315 coll.

508 1356 546 1421 S.
560 1355 652 1418 Jooo.
669 1355 766 1418 verbo
780 1355 887 1418 omisit
901 1360 1034 1439 propter
1048 1352 1102 1416 ille
1115 1355 1153 1415 τὰ
1168 1355 1243 1416 κακὰ
1257 1351 1309 1415 hie
1323 1352 1471 1436 repetito.

554 1459 591 1521 P.
609 1477 679 1521 102.
695 1457 715 1520 Ι.
733 1475 761 1539 7.
778 1458 813 1521 οὔ
826 1457 898 1541 γὰρ]
918 1458 993 1520 Ηοα
1010 1455 1101 1540 posui
1121 1477 1180 1540 pro
1199 1454 1217 1533 ἢ
1238 1459 1306 1536 γὰρ,
1322 1455 1409 1539 quod
1428 1455 1461 1518 in
1484 1463 1605 1521 textum

508 1559 755 1643 Prcepomtionis
777 1558 897 1622 invexit
916 1559 983 1643 ipse
1004 1558 1155 1643 Vigerus,
1170 1565 1207 1620 ut
1226 1579 1267 1619 ex
1286 1556 1404 1621 Latina
1423 1557 1493 1643 ejus
1511 1559 1606 1623 inter-

507 1662 687 1748 pretatione
708 1669 844 1726 eonstat.
891 1663 988 1725 Certo
1006 1683 1071 1723 non
1095 1667 1223 1724 tontum
1238 1659 1389 1723 Philocol.
1406 1662 1442 1724 οὐ
1464 1668 1606 1746 praestat

508 1765 565 1827 sed
584 1764 689 1828 etiem·
702 1764 789 1848 prius
809 1764 891 1827 edito
912 1785 934 1827 α
947 1762 1074 1827 Robono
1094 1763 1245 1847 stephano
1259 1760 1385 1826 Emotis·
1400 1765 1606 1848 Ρνεαραναιίο,

508 1872 541 1929 et
558 1865 630 1928 MS.
649 1865 724 1929 Cot.
741 1867 775 1930 S.
789 1866 930 1929 loannis.
1241 1881 1244 1887 ·

553 1966 589 2028 P.
605 1986 674 2050 103.
689 1967 709 2029 l.
727 1988 757 2049 9.
774 1965 903 2051 κᾴκεῖνο]
921 1967 974 2031 Ite
989 1989 1098 2030 omnes
1112 1973 1230 2050 praeter
1245 1967 1353 2050 Proep.
1365 1967 1487 2051 Ευααρ.
1501 1967 1533 2030 in
1548 1989 1608 2051 que

508 2073 600 2131 extat
616 2067 745 2150 κᾴκεῖυα.

554 2171 636 2234 Ibid.
647 2171 668 2233 l.
683 2191 731 2253 17.
743 2172 936 2256 διακριθῆναι]
952 2176 1196 2251 διακοσμηθῆναι,
1210 2173 1294 2256 quod
1310 2180 1447 2256 praestot
1460 2171 1608 2236 Methodii

507 2275 686 2358 Εααιιριον,
699 2273 888 2338 combefisio
903 2275 1004 2356 magis
1019 2275 1181 2359 probatur.

553 2376 590 2438 P.
604 2397 674 2458 104.
685 2377 706 2440 l.
715 2396 745 2461 3.
758 2376 792 2440 τὸ
804 2376 871 2456 μήθ’
882 2376 963 2462 ἑνὸς]
976 2379 1032 2440 Ito
1044 2378 1292 2461 Proeporotionis
1300 2378 1381 2442 MS.
1393 2377 1508 2442 Colis,
1516 2379 1607 2442 Jooo.

508 2485 542 2542 et
564 2478 598 2542 τὸ
622 2480 746 2559 μηδενὸς
769 2478 917 2543 Philocol.
937 2479 993 2542 sed
1016 2480 1051 2542 τὸ
1073 2480 1138 2559 μεθ’
1158 2480 1225 2546 ἑνὸς
1244 2482 1425 2563 Proeparot.
1446 2481 1541 2557 edito,
1556 2482 1607 2545 ubi

510 2582 653 2667 Vigerus,
671 2591 693 2620 “
709 2581 892 2666 Legendum
916 2581 1042 2646 videtur
1063 2580 1129 2661 μηθ’
1150 2583 1227 2653 ἑνὸς,
1244 2582 1292 2646 vel
1316 2582 1409 2645 unioo
1433 2585 1532 2647 verbo
1554 2612 1605 2663 μη-

509 2695 528 2721 “
546 2685 660 2752 flemis?
705 2683 791 2746 Nihil
814 2684 857 2747 ad
879 2706 947 2747 rem
969 2684 1068 2747 habet
1088 2684 1241 2747 Methodii
1261 2686 1438 2770 Εαααριον,
1459 2686 1510 2750 vel
1529 2687 1607 2750 Dio·

509 2787 597 2871 Ζαραι.

553 2889 637 2953 Ibid.
652 2888 672 2952 l.
689 2890 718 2951 6.
736 2887 781 2951 ἐπ’
806 2888 973 2973 εὐεργεσίᾳ]
998 2889 1077 2954 Cum
1101 2891 1133 2953 in
1157 2892 1392 2976 Ρναραναιὶοηι
1415 2893 1501 2956 edita
1527 2895 1608 2956 ἐστὶν

509 2993 666 3074 εὐεργεσία
680 2990 731 3053 hio
752 2991 941 3067 exstitisset,
955 2991 1084 3067 idcireo,
1100 2994 1185 3077 quod
1206 2994 1357 3077 sequitur,
1374 2995 1498 3058 monuit
1514 2994 1607 3080 Vige-

508 3116 574 3158 rus.
621 3102 640 3131 “
657 3093 774 3157 Sensus
792 3093 933 3177 postulat
953 3092 998 3157 ἐπ’
1015 3094 1179 3180 εὐεργεσίᾳ,
1195 3095 1333 3159 maxime
1352 3118 1424 3159 eum
1445 3106 1608 3180 sequntur,

509 3204 530 3233 “
547 3197 595 3259 ἐπὶ
617 3194 762 3279 χείρονι.”
806 3195 973 3280 Extatque
1000 3196 1094 3259 lectio
1120 3196 1190 3280 ipse
1215 3197 1247 3259 in
1267 3199 1342 3261 MS.
1365 3198 1443 3263 coll.
1464 3201 1492 3263 S
1514 3202 1606 3264 «Ιοαιι.

509 3321 630 3362 necnon
654 3299 688 3362 in
708 3297 856 3362 ΡΙιὶῖοιαΙ.
878 3297 1019 3381 Βῖαίορο,
1037 3298 1606 3387 Mettodiiquessxoeptore,p1aeter-

509 3425 603 3486 quom
620 3403 702 3488 quod
721 3401 898 3464 Philoealiae
916 3402 989 3464 MS.
1008 3400 1084 3464 coll.
1101 3402 1159 3465 SS.
1181 3403 1268 3465 Trio.
1287 3404 1375 3466 Cant.
1392 3404 1423 3466 in
1439 3412 1534 3468 textu
1553 3427 1608 3468 suo

509 3505 606 3569 habet
622 3507 746 3568 ἔπεσθαι
762 3505 810 3566 ἐπὶ
825 3505 974 3566 mendose
990 3525 1048 3587 pro
1064 3502 1108 3567 ἐπ’
1126 3504 1290 3589 εὐεργεσίᾳ.

553 3611 591 3671 Ρ.
607 3608 753 3692 105.l.1.
770 3605 933 3691 δυνάμενα]
957 3608 1153 3690 Proeporotio
1177 3607 1345 3686 δυνάμενοι,
1370 3608 1423 3671 ubi
1449 3607 1605 3694 Vigeru83

510 3719 529 3747 “
546 3711 685 3774 Praestet
707 3709 835 3773 omnino
862 3715 1021 3788 δυνάμενα,
1048 3717 1084 3774 ut
1108 3710 1265 3774 reseratur
1286 3712 1328 3774 ad
1352 3717 1456 3789 ταῦτα,
1481 3735 1546 3777 non
1567 3712 1607 3776 ad

509 3822 528 3861 ‘³
545 3812 652 3878 Θεοί.”
699 3812 809 3896 Atque
837 3819 929 3875 extet
955 3812 1023 3875 haeo
1051 3812 1146 3876 leotio
1172 3812 1205 3875 in
1231 3813 1376 3877 Philotae.
1403 3821 1438 3878 et
1464 3815 1606 3900 Dioloyo.

508 3917 615 3979 Verba
636 3915 687 3977 hio
711 3914 866 3999 praeteriit
889 3914 1041 3977 nonnullo
1064 3914 1215 3978 Mothodii
1234 3916 1413 4000 Excerptor.
1459 3918 1609 3981 Proxime

506 4026 583 4083 ante
598 4018 723 4083 restitui
737 4018 790 4081 τὸν
805 4026 880 4082 onte
896 4016 961 4094 σὸν,
978 4018 1063 4101 quod
1084 4019 1235 4082 omiserat
1256 4019 1418 4103 Viyeriooo
1432 4021 1608 4105 Proeparot.

508 4121 610 4185 editio.

553 4222 635 4285 Ibid.
651 4222 671 4285 Ι.
689 4240 718 4304 7.
735 4224 875 4288 σύνθετος
901 4225 932 4286 δὲ
955 4225 972 4284 ὁ
997 4225 1105 4301 κόσμος
1128 4223 1199 4304 se]
1226 4222 1305 4286 Cum
1332 4223 1437 4301 verba,
1463 4246 1535 4308 quae
1562 4246 1608 4288 se·

508 4332 658 4408 quantur,
675 4346 695 4386 α
710 4330 802 4386 textu
818 4323 923 4387 omnio
937 4325 1096 4398 abessent,
1112 4325 1258 4388 ἀδύνατον
1272 4329 1359 4386 τοῦτο
1375 4327 1406 4403 ἐξ
1425 4327 1500 4405 ὕλης
1519 4351 1606 4408 γεγο-

504 4425 592 4489 νέναι
605 4424 858 4505 λέγειν-τὴν
874 4427 1022 4490 σύστασιν
1039 4427 1130 4509 ἔχειν,
1147 4449 1185 4490 ea
1200 4426 1394 4490 Methodici-ni
1411 4430 1610 4514 Eiocetptoris

507 4527 603 4591 solius
618 4549 677 4611 ope
697 4527 835 4603 restitui,
851 4528 884 4591 in
904 4528 1018 4612 quibus
1043 4537 1150 4593 tomen
1171 4535 1276 4592 τοῦτον
1296 4528 1404 4592 malim
1425 4529 1531 4616 legere
1552 4553 1608 4616 pro

507 4634 601 4692 τοῦτο.
651 4630 706 4693 Ito
730 4652 813 4693 nuno
839 4630 978 4694 correxit
1003 4630 1154 4694 Photium
1180 4630 1218 4693 ol.
1243 4630 1418 4695 Bekkerus.
1466 4633 1609 4698 Deerant

506 4740 615 4796 autem
630 4733 727 4796 verbs
750 4732 782 4794 in
798 4733 1031 4816 Praeporotiooe
1054 4749 1088 4797 et
1103 4731 1275 4796 Philocolia
1298 4744 1429 4818 propter
1452 4735 1486 4797 τὸ
1511 4739 1608 4815 ὁμοιο-

509 4833 657 4897 remon.
701 4834 910 4917 Desiorotque
927 4833 1107 4897 Maximum
1123 4834 1299 4897 describere
1314 4834 1463 4920 Dioloous
1478 4837 1606 4923 Origeni

502 4936 696 5019 ‚ads-eriptus.
742 4936 798 4999 Ito
823 4958 898 4999 vero
925 4936 955 4998 in
979 4937 1114 5001 Annott.
1129 4937 1172 5000 ad
1192 4938 1299 5022 Ρνα-ρ.
1320 4938 1439 5022 Εααιιρ.
1462 4938 1606 5023 Vigerus,

508 5044 531 5074 ‘⁶
548 5037 666 5102 Mutila
690 5036 753 5101 iste.
779 5046 863 5102 sunt.
909 5039 1081 5103 Commode
1105 5041 1150 5103 sio
1172 5040 1310 5124 expleas,
1326 5045 1387 5106 πῶς
1409 5040 1444 5118 δὴ
1467 5042 1607 5106 σύνθετός
