3917 6467
426 1083 493 1145 824
801 1080 1157 1147 ANNOTATIONES

426 1251 493 1318 τοὺς
516 1254 732 1335 αἰχμαλώτους,
752 1254 800 1316 καὶ
819 1259 881 1319 τοῖς
902 1254 1110 1334 δικαστηρίοις
1142 1252 1193 1315 καὶ
1213 1253 1269 1314 νῦν
1288 1252 1363 1330 γοῦν
1379 1244 1503 1324 ‘Propulsi

426 1355 663 1428 βασιλευόντων,
680 1357 728 1418 καὶ
748 1353 902 1418 Ἰουδαίων
920 1354 955 1417 τδ
975 1357 1140 1437 δίδραχμον
1161 1353 1263 1417 αύτοῖς
1282 1349 1451 1420 τελούντων,
1463 1348 1506 1408 δτι

427 1460 652 1535 συγχωροῦντος
680 1458 832 1531 Καίσαρος
863 1455 1076 1538 δἜθνάρχης
1105 1453 1175 1536 παρ’
1201 1453 1304 1518 αὐτοῖς
1333 1452 1457 1514 δύναται·
1483 1448 1508 1512 ὗς

425 1556 517 1632 μηδὲν
531 1556 685 1637 διαφέρειν
705 1560 923 1636 βασιλεύοντος
937 1563 990 1620 τοῦ
1010 1559 1123 1624 έθυους
1146 1559 1248 1634 em,
1263 1555 1295 1617 οί
1314 1550 1509 1631 πετεφαμέννι

427 1656 541 1735 γίνεται
555 1660 588 1720 δὲ
603 1659 652 1721 καὶ
669 1659 799 1740 κριτήρια
819 1661 992 1738 λεληθότως
1010 1665 1085 1723 nard
1103 1658 1159 1721 τδν
1181 1659 1289 1736 νόμον,
1305 1654 1355 1718 καὶ
1375 1648 1510 1716 modunl·

425 1758 528 1830 (cml
546 1782 625 1824 τινες
643 1759 698 1836 τὴν
716 1761 765 1822 dol
785 1762 826 1844 τῷ
847 1758 976 1842 θανάτιρ·
1000 1761 1069 1822 οὔτε
1089 1759 1166 1837 perd
1186 1759 1241 1834 τῆς
1261 1754 1361 1832 πάντη
1383 1755 1425 1819 είς
1443 1750 1513 1813 wit&

426 1859 601 1938 reddantur,
616 1861 684 1923 σύτε
705 1864 781 1939 μετὰ
802 1865 855 1924 τοῦ
875 1860 1040 1923 λανθάνειν
1061 1859 1115 1923 τὸν
1136 1858 1357 1937 βασιλεύοντα·
1380 1854 1428 1918 καὶ
1444 1857 1514 1916 τοῦτο

428 1960 515 2038 lani
537 1962 620 2044 χύριρ
641 1967 693 2024 τοῦ
716 1962 820 2028 ἔθνους
840 1962 937 2024 πολὺν
956 1963 1167 2041 διατρίψαντες
1186 1960 1303 2041 χρόνον
1322 1955 1515 2037 μεμαθήκαμεν

427 2061 476 2122 καὶ
496 2061 797 2142 πεπληροφορήμεθο.
827 2065 959 2143 καίτοιγε
985 2061 1043 2124 tot
1064 2059 1221 2139 Ῥωμαίοις
1244 2061 1299 2122 δύο
1324 2058 1419 2139 φυλαί
1441 2058 1515 2135 μύω

428 2159 504 2224 εἶναι
527 2165 705 2243 ἱστόρηνται,
726 2165 779 2241 ἥτε
797 2163 896 2228 Ἰούδα
918 2165 967 2227 καὶ
990 2161 1147 2241 Βενιαμήν·
1172 2161 1252 2224 toro
1270 2162 1305 2223 δὲ
1322 2160 1372 2222 καὶ
1386 2156 1514 2234 deortui

427 2264 443 2323 δ
463 2262 508 2336 δὲ,
522 2265 603 2342 παρὰ
623 2262 676 2326 τὸν
697 2262 775 2325 λαὸν
788 2262 897 2339 Ἰούδα,
912 2262 1039 2343 Ἰσραὴλ
1059 2262 1131 2325 δέκα
1153 2261 1233 2340 ἦσαν
1254 2261 1363 2342 φυλαί.
1385 2260 1434 2322 καὶ
1452 2257 1516 2323 elul·

427 2362 626 2441 ἀρκεσθέντας
648 2363 715 2430 τοὺς
732 2363 911 2445 Ἀσσυρίους
929 2368 970 2449 τῷ
989 2366 1177 2446 ὑποχειρίους
1199 2362 1307 2428 αὐτοὺς
1327 2362 1420 2444 έχειν,
1437 2362 1515 2424 brure-

427 2464 573 2544 τραφέυαι
603 2467 703 2531 αι’ντοΐς
728 2469 765 2529 τὰ
790 2470 886 2531 οἰκεῖα
911 2465 1091 2546 δικαστήρια
1138 2463 1220 2527 Haec
1247 2462 1405 2549 Origenes
1428 2463 1515 2544 §.14-

427 2586 458 2649 p.
477 2582 527 2647 27.
544 2568 593 2630 ed.
611 2567 782 2632 Delaman.
834 2569 924 2631 Loca
945 2568 1074 2651 insuper
1091 2574 1247 2640 vetenrm,
1263 2565 1460 2629 iuustmndae
1480 2562 1516 2626 rel

427 2688 524 2731 causa
544 2669 586 2732 ad
609 2670 697 2755 orig.
712 2692 765 2756 pp.
783 2672 857 2744 228,
876 2688 948 2753 229.
966 2692 987 2733 a
1012 2668 1195 2732 Wetsteuio
1216 2667 1329 2744 allata,
1346 2668 1401 2752 qui
1423 2674 1517 2730 nmen

426 2771 652 2835 auctoritatem
673 2771 744 2835 libn'
766 2771 919 2835 Susanuae
939 2771 1132 2835 labefactare
1148 2790 1243 2853 quam
1264 2769 1405 2832 maxime
1425 2768 1518 2833 stude·

429 2870 496 2946 bat,
516 2872 621 2937 valent
644 2875 686 2937 ad
710 2875 917 2958 probandum,
939 2874 1012 2937 lites
1035 2872 1176 2935 forenses
1196 2894 1216 2935 a
1236 2873 1260 2934 J
1263 2873 1367 2936 udaeis
1388 2872 1462 2957 ipsis
1481 2870 1517 2933 di

427 2980 569 3055 remptns
593 2974 690 3038 fuisse
715 2975 747 3036 in
774 2983 910 3058 utraque
939 2972 1136 3057 captivitate,
1163 2971 1260 3055 idque
1289 2973 1414 3037 fatente
1437 2972 1518 3036 Wet

428 3075 531 3138 stenic
549 3077 626 3161 ipso.
672 3077 735 3141 Sed
757 3086 866 3141 tamen
887 3076 999 3140 iisdem
1021 3074 1145 3159 publice
1164 3097 1351 3138 concessum
1374 3076 1476 3152 fuisse,
1489 3084 1518 3138 ut

428 3176 578 3259 capitalia
594 3179 716 3263 judicia
735 3179 907 3242 secundum
926 3178 1005 3262 legis
1020 3177 1173 3239 Mosaicoe
1194 3177 1419 3261 pmscriptum
1439 3200 1518 3242 excr-

429 3286 548 3352 cercnt,
576 3281 651 3342 dum
677 3288 809 3364 agerent
835 3281 1051 3342 Romanorum
1074 3280 1152 3363 jugo
1178 3279 1326 3363 subjecti,
1354 3281 1388 3342 id
1415 3302 1519 3363 nequa

429 3402 523 3463 quum
538 3382 686 3455 affirmat,
703 3382 799 3444 immo
815 3404 880 3444 rem
896 3382 990 3445 aliter
1010 3381 1157 3443 habuisse
1177 3381 1323 3444 concedit
1347 3382 1444 3444 etiam
1459 3382 1520 3445 Ori-

428 3503 524 3564 genes
543 3484 746 3547 Alexandrian
769 3484 857 3546 urbis
878 3482 1103 3567 semi-judaicae
1123 3481 1237 3557 incola,
1259 3490 1456 3565 potestatem
1470 3485 1519 3546 Ju-

429 3583 527 3646 daicis
549 3586 789 3669 magistratibus
813 3585 997 3670 permissam
1020 3584 1225 3668 amplificans.
1274 3585 1405 3648 Addam
1428 3586 1520 3649 locum

428 3707 468 3747 cx
484 3687 643 3750 Archelao
659 3688 690 3748 in
708 3687 942 3771 Mesopotamia
956 3686 1115 3770 episcope,
1132 3686 1185 3768 qui
1203 3697 1356 3769 vergente
1374 3689 1416 3750 ad
1436 3688 1520 3751 finem

429 3788 526 3850 tertio
553 3789 612 3851 hcc
637 3789 755 3852 Christi
785 3788 899 3851 saeculo
926 3788 1044 3862 lloruit,
1068 3790 1108 3850 de
1134 3796 1223 3851 statu
1246 3788 1269 3850 J
1272 3789 1438 3852 ndaeorum
1462 3791 1521 3853 haec

429 3890 626 3963 tradentium
654 3894 749 3954 Nunc
762 3891 906 3966 videntne,
922 3891 1024 3974 inquit
1040 3889 1226 3964 Archelaus,
1242 3889 1364 3974 regibus
1380 3913 1427 3954 ecs
1439 3892 1521 3975 pria·

429 3989 600 4075 epitrope
613 3992 752 4075 subjectos
766 3991 880 4055 tributo
888 3992 1031 4077 pendere,
1047 3991 1133 4054 τιυύία-
1148 3990 1207 4053 cibi
1222 4001 1370 4074 potestate
1385 3993 1433 4056 cel
1441 3994 1521 4076 judi-

430 4092 522 4156 modi
543 4094 590 4156 cel
603 4095 756 4178 ρυυὶουιύιῖ
775 4116 914 4169 maressa,
935 4095 1013 4157 ciete
1031 4093 1134 4155 θυείας
1152 4090 1268 4167 hebuit,
1288 4094 1364 4177 qaia
1384 4095 1521 4167 Ίίιατυατ,

422 4204 616 4279 posteaquam
630 4195 838 4277 judicaverat,
846 4197 947 4281 potnit
958 4196 1138 4279 justificare.
1184 4194 1307 4277 Disput.
1323 4218 1392 4257 curo
1407 4199 1523 4259 Mance

430 4317 451 4357 a
466 4296 625 4380 Zacagnio
643 4296 752 4359 Rornae
768 4297 864 4371 edite,
880 4319 948 4381 cap.
965 4296 1041 4358 xliii.
1059 4317 1129 4380 pag.
1147 4297 1198 4376 78.
1246 4294 1326 4359 Haec
1341 4305 1451 4359 tamen
1467 4317 1522 4359 ncn

430 4398 610 4481 prohibent,
633 4398 708 4482 quin
731 4398 838 4481 aliqua
859 4421 898 4460 ex
921 4406 1013 4481 partc
1036 4396 1149 4479 majori
1170 4395 1320 4460 libertate
1341 4399 1403 4460 sub
1426 4398 1524 4481 Baby·⁴

431 4499 514 4562 lenio
533 4508 630 4582 atque
648 4499 774 4562 Medico
794 4499 925 4582 imperio
942 4498 1102 4560 Hebraeus
1122 4498 1258 4582 populus
1277 4498 1340 4561 frui
1361 4501 1522 4583 potuisset

431 4601 485 4665 Ito
505 4602 537 4664 in
558 4602 590 4664 S.
610 4599 776 4684 Hippolyti
798 4600 922 4663 Schclio
937 4600 1074 4682 quodum
1093 4600 1134 4662 ad
1150 4600 1293 4662 Dan-ielis
1308 4600 1522 4685 Prophetiam,

431 4726 486 4767 scu
504 4705 610 4789 potius
629 4705 670 4766 od
693 4703 806 4765 librum
827 4703 975 4765 Scaenae
991 4702 1122 4764 Durricli
1145 4701 1319 4786 praefixum,
1336 4703 1422 4785 quod
1444 4701 1522 4765 haud

431 4807 478 4870 ita
502 4807 624 4891 pridem
647 4805 768 4868 editum
792 4811 842 4866 est
864 4826 885 4867 a
907 4805 945 4867 cl.
962 4803 1119 4866 Bandinic
1141 4804 1172 4865 in
1194 4803 1334 4888 Ootclcyc
1356 4826 1415 4867 suo
1432 4803 1522 4869 Codd.

432 4910 531 4972 MSS.
547 4907 690 4971 Biblon.
709 4907 867 4983 Mediocre,
893 4929 962 4992 pag.
982 4927 1031 4970 οι.
1055 4929 1126 4970 cum
1150 4907 1209 4968 hcc
1231 4907 1414 4989 oppositum
1434 4914 1522 4979 esset,

432 5017 501 5077 Πῶς
516 5011 699 5093 αἰχμάλωτοι
713 5009 896 5090 ὑπάρχοντες
912 5011 959 5072 καὶ
976 5011 1135 5071 ὑπόδουλοι
1151 5011 1356 5084 Βαβυλωνίοις
1371 5012 1521 5089 γευόμενοι

432 5115 574 5193 ἠδύναντο
602 5111 801 5193 συνέρχεσθαι
826 5113 873 5173 ἐπὶ
899 5110 932 5171 τὸ
957 5110 1027 5173 αὐτὸ
1053 5111 1091 5175 ὡς
1116 5110 1318 5186 αύτεξούσιοις
1353 5109 1454 5173 eidem
1478 5130 1519 5170 rt·
