3917 6467
505 1066 548 1128 58
886 1067 1238 1135 ΑΝΝΟΤᾹΤΙΟΝΕΒ

511 1242 690 1315 σομμκτρεῖν
718 1237 882 1313 admittas,
912 1240 1078 1304 lectionem
1110 1251 1300 1325 praesentem
1330 1242 1481 1329 explicari
1509 1250 1629 1331 possm

507 1336 630 1400 etiamsi
648 1337 733 1421 legas
748 1341 869 1418 ἡμέραν.
884 1363 915 1424 p.
929 1361 999 1424 275.
1037 1344 1141 1406 Immo
1157 1343 1286 1408 Eusebii
1302 1366 1444 1426 nuperus
1458 1347 1561 1411 editor
1576 1332 1636 1403 ci.

507 1437 696 1503 Heiuiclren.
707 1441 737 1503 in
755 1441 897 1505 Excursu
909 1464 966 1506 suo
979 1467 1033 1507 vu.
1046 1467 1076 1528 p.
1083 1464 1156 1528 379.
1168 1446 1207 1508 de
1217 1446 1277 1510 hoe
1291 1446 1361 1510 loco
1372 1447 1531 1512 disserens
1545 1449 1641 1513 haess

505 1541 621 1624 posuit.
660 1543 782 1607 “Puto
798 1546 894 1608 verba
911 1546 1036 1618 Irenaei,
1054 1549 1082 1609 oi
1102 1549 1135 1609 δὲ
1155 1548 1381 1628 τεσσαράκοντα
1396 1551 1474 1630 ὥρας
1493 1576 1528 1614 τε
1545 1552 1645 1630 tae

506 1654 526 1675 ⁴‘
541 1643 624 1724 pende
639 1670 671 1707 τε
687 1646 734 1707 καὶ
750 1651 918 1726 νυκτερινὰς
934 1653 1135 1726 συμμετροΰσι
1149 1650 1204 1726 τὴν
1218 1650 1331 1729 ἡμέραν
1346 1651 1444 1714 amrin
1459 1651 1596 1738 itaexpl
1606 1641 1646 1706 ἰ·

506 1756 526 1777 “
542 1747 606 1808 cari
638 1769 729 1830 posse
760 1755 793 1810 et
823 1748 957 1823 debers;
987 1748 1048 1811 alil
1077 1750 1285 1834 qsmdrcpinlc
1309 1752 1401 1816 loros
1428 1753 1562 1818 diurnos
1588 1752 1649 1813 ed

505 1856 524 1879 ⁴⁸
540 1858 701 1911 costumas
712 1859 857 1933 tanquam
871 1850 951 1912 ‹liem
963 1850 994 1914 h.
1007 1872 1033 1912 e.
1044 1861 1158 1934 teinpus
1168 1873 1225 1935 qne
1232 1851 1384 1934 jejunent,
1395 1877 1452 1918 seu
1465 1865 1651 1941 tanquam

506 1959 524 1982 ¹·
541 1957 655 2032 τοιιιροι
674 1971 760 2012 sarim
774 1951 939 2033 y'm'nncndi
956 1962 1139 2035 omnpotens,
1155 1952 1174 2015 i.
1187 1976 1215 2016 ο.
1238 1966 1399 2019 numerant
1414 1964 1471 2035 (no
1491 1956 1654 2023 sciliev¹

505 2061 526 2083 ''
542 2051 588 2113 vel
605 2073 661 2134 per
676 2051 798 2136 longius
813 2053 860 2115 vel
882 2053 1007 2116 brevius
1026 2064 1152 2137 tempus
1167 2054 1361 2139 jejunent.)”
1407 2058 1490 2123 Haec
1511 2060 1560 2123 vir
1572 2056 1627 2124 cl
1644 2096 1655 2113 ·

503 2153 556 2236 qui
587 2163 619 2215 ot
649 2152 767 2236 optime
797 2155 928 2229 monuit,
955 2156 1052 2218 verba
1081 2158 1148 2235 περὶ
1173 2162 1225 2235 τῆς
1253 2158 1363 2238 ἡμέρας
1394 2168 1543 2244 spectare
1568 2152 1657 2226 od

502 2262 627 2338 tempus
642 2255 702 2317 diei
720 2256 887 2338 paschalis,
903 2267 936 2318 et
952 2258 1048 2320 verbu
1064 2261 1231 2341 sequentia
1244 2261 1286 2322 ad
1299 2260 1518 2327 diversitatem
1533 2272 1659 2328 teus*

501 2358 587 2441 poris
607 2358 718 2442 jejunii
743 2359 989 2443 antepaschalis,
1011 2360 1193 2445 improbato
1216 2362 1340 2426 interea
1363 2364 1529 2430 sententia·
1547 2367 1659 2432 νοο-

501 2460 566 2523 lesii
590 2472 624 2525 et
640 2461 752 2523 Grubii
774 2461 869 2524 verba
889 2461 943 2524 illa
963 2463 1003 2524 de
1024 2462 1146 2546 jejunio
1170 2464 1430 2549 superpositionis
1453 2466 1660 2553 interpre‘

500 2564 648 2627 tantiam.
693 2563 949 2626 Zinrmermanno
976 2586 1059 2639 vero,
1086 2565 1138 2649 qui
1165 2589 1250 2630 onno
1281 2568 1360 2630 1822
1387 2575 1466 2632 aute
1499 2571 1655 2634 Heini‘

501 2667 634 2729 ahenum
659 2666 830 2729 Eusebium
854 2666 1008 2740 ediderat,
1033 2666 1120 2730 locus
1142 2668 1202 2731 nisi
1225 2668 1421 2753 conjiciendo
1443 2669 1495 2734 vix
1515 2694 1650 2735 sana*

500 2768 571 2832 bilis
592 2769 676 2831 visus
696 2777 755 2832 est.
801 2768 872 2852 Ego
894 2790 934 2830 ex
957 2767 1073 2830 Rufino
1095 2769 1191 2832 verbo
1215 2771 1404 2854 corrigenda
1425 2794 1495 2836 esse
1517 2774 1634 2837 duxi-

502 2871 571 2933 Vid.
587 2893 683 2955 supra
698 2893 769 2955 pag.
782 2890 834 2953 54.

544 2972 581 3034 P.
594 2994 646 3056 39.
663 2972 682 3034 l.
704 2991 749 3034 ιι.
766 2970 909 3056 ποικιλία]
925 2973 943 3051 ἡ
958 2975 1090 3035 ποικιλία
1105 2971 1235 3057 Nicepl.
1274 2973 1408 3038 Scaena.

542 3073 623 3138 Ibid.
638 3073 658 3135 l.
676 3093 724 3158 13.
748 3080 806 3136 τῶν
826 3078 906 3153 παρὰ
927 3074 971 3136 τὸλ
984 3076 1104 3153 ἀκριβὲς
1124 3077 1162 3142 ὡς
1180 3076 1257 3142 εἰκὸς
1277 3079 1478 3161 κρατούντων]
1505 3077 1610 3143 Hunc

497 3175 599 3240 locum
616 3198 677 3239 non
699 3175 922 3240 intellexerunt
940 3175 1140 3260 interpretes.
1188 3177 1280 3240 Solus
1296 3178 1462 3244 Masculus
1477 3204 1604 3245 sensum

498 3288 661 3340 assecutus
676 3285 734 3351 est,
752 3278 805 3340 sod
828 3300 867 3340 ex
888 3288 980 3360 porte
997 3284 1133 3340 tantum.
1180 3278 1231 3341 Sic
1247 3277 1330 3340 enim
1349 3281 1459 3344 vertit:
1485 3283 1530 3346 m
1544 3284 1602 3348 im

489 3380 697 3462 jey‘anaatlnm
714 3382 857 3454 serietas,
872 3400 931 3441 mon
946 3391 1044 3442 nostro
1058 3380 1175 3442 ιίοιιιιιιιι
1190 3391 1324 3464 waepero,
1339 3383 1392 3445 sed
1404 3384 1498 3448 mallo
1512 3397 1602 3451 amec

490 3503 552 3566 per
574 3482 640 3545 illes
662 3483 750 3565 cmpit
771 3483 824 3566 qni
845 3492 915 3545 astte
936 3503 989 3543 mos
1004 3491 1122 3565 proeler
1142 3491 1319 3544 accuratam
1341 3481 1547 3566 dilipenticm,
1569 3496 1602 3549 st

497 3585 661 3648 verosimile
683 3596 735 3659 est,
751 3607 851 3647 semem
873 3583 995 3647 halecis
1011 3585 1115 3668 petili,
1130 3584 1293 3669 simplicem
1308 3606 1345 3646 ac
1365 3584 1521 3669 mdyotem
1534 3609 1601 3651 eos·

494 3687 678 3749 suetudinem
696 3686 928 3771 postlmlnmmm
950 3708 988 3748 ae
1010 3695 1175 3748 nnmerum.
1224 3686 1282 3749 Est
1305 3695 1392 3749 certe
1412 3687 1464 3750 hic
1487 3688 1598 3754 lrenaei

496 3787 583 3852 locus
603 3790 773 3852 admodum
796 3789 963 3852 intricatus
979 3796 1013 3851 et
1033 3789 1193 3850 obscurus.
1214 3787 1280 3850 vult
1302 3800 1409 3850 autem
1431 3792 1600 3856 ostendere

497 3891 647 3966 lrenaeus,
663 3893 745 3954 unde
761 3901 833 3954 orta
848 3891 890 3953 sit
906 3898 999 3953 tanta
1014 3889 1181 3952 diversitas
1195 3889 1307 3974 jejunii
1324 3890 1493 3972 paschalis.
1541 3893 1600 3957 Ait

494 3993 591 4078 igitur
606 4016 675 4057 eam
696 4004 805 4057 natam
825 4014 906 4064 esse,
923 4013 984 4053 non
1005 4012 1044 4052 ex
1069 3990 1137 4073 loge
1156 3989 1264 4073 aliqua
1279 3990 1320 4053 ab
1338 3991 1493 4074 apostolis
1507 4003 1566 4058 aut
1579 4016 1599 4057 a

495 4098 624 4160 Christo
640 4098 727 4171 data,
743 4097 797 4158 sed
814 4095 966 4179 paulatim
984 4116 1041 4156 usn
1057 4093 1193 4176 quodam
1206 4092 1416 4164 increbuiss03
1436 4115 1475 4156 ac
1487 4109 1599 4179 postes

493 4200 657 4283 episcopos
673 4199 837 4282 quosdam,
853 4197 885 4259 in
901 4198 939 4259 iis
955 4218 1025 4280 quae
1040 4196 1081 4258 ad
1097 4194 1295 4278 disciplinam
1310 4195 1472 4278 pertinent
1485 4219 1597 4281 parurn

493 4301 659 4386 diligentes
675 4323 731 4363 nec
747 4301 825 4363 satis
840 4307 1018 4373 accuratos,
1035 4298 1066 4360 id
1083 4297 1166 4380 quod
1182 4296 1367 4380 simpliciter
1378 4296 1596 4362 introductum

492 4404 610 4477 fuerat,
622 4403 694 4465 licet
706 4401 864 4485 singulare
872 4409 905 4464 et
918 4401 959 4463 ab
970 4400 1105 4463 aliarum
1117 4398 1317 4461 ecclesiarum
1328 4419 1415 4460 more
1426 4398 1595 4472 diversum,

491 4504 795 4568 inconsuetudinem
812 4503 943 4565 vertisse
963 4525 1001 4565 ac
1022 4502 1156 4586 posteris
1171 4501 1401 4564 observandum
1420 4500 1595 4586 reliquisse.

491 4604 707 4690 Reprehendit
722 4606 819 4690 igitur
834 4606 903 4668 illos
921 4606 1072 4678 Irenaeum
1086 4604 1170 4687 quod
1185 4607 1265 4681 παρὰ
1279 4604 1313 4665 τὸ
1329 4605 1451 4681 ιῖικριβὲιΙ
1461 4604 1595 4688 egerint.

491 4709 552 4774 Est
571 4710 653 4773 enim
674 4709 832 4793 diligentis
852 4708 1001 4791 episcopi,
1018 4707 1123 4769 videre
1146 4728 1185 4768 ne
1208 4707 1282 4790 quid
1306 4727 1425 4768 novum
1447 4707 1479 4769 in
1499 4710 1596 4772 ecclc-

489 4812 568 4876 siam
584 4812 755 4875 inducatur
769 4818 886 4894 praeter
901 4809 1093 4891 reliquarum
1109 4807 1309 4870 ecclesiarum
1325 4810 1593 4875 consuetudinem.

490 4915 545 4979 Ita
567 4915 715 4978 Socrates
738 4914 820 4975 huuc
846 4911 958 4974 Irenaei
983 4911 1084 4973 locum
1108 4909 1227 4993 cepisse
1249 4911 1379 4974 videtur
1399 4911 1431 4973 in
1455 4934 1525 4998 cap.
1545 4935 1593 4979 22.

488 5018 541 5083 lib.
559 5041 587 5080 v.
615 5017 667 5081 ubi
695 5025 864 5101 postquam
892 5014 931 5075 de
952 5013 1146 5098 jejuniorum
1172 5022 1205 5075 et
1232 5013 1446 5096 hujuscemodi
1473 5016 1593 5080 rituum

487 5121 571 5204 apud
596 5119 698 5182 varias
720 5115 866 5180 eeclesias
887 5114 1100 5199 discrepantia
1123 5114 1249 5178 abunde
1272 5114 1432 5192 disseruit,
1451 5117 1500 5181 ita
1519 5141 1592 5182 oon·
