3917 6467
425 1072 491 1139 894
787 1064 1170 1129 ANNO'I'ATIONES

786 1247 1023 1311 DI'NASTIA
1051 1247 1173 1312 XVII.

472 1385 510 1448 P.
529 1385 601 1469 256.
617 1383 640 1445 I.
659 1400 687 1445 2.
703 1388 845 1460 βασιλεῖς
858 1381 934 1464 urst]
949 1388 1093 1462 βασιλεῖς
1107 1381 1169 1464 λγ’.
1186 1380 1340 1468 Scaliger.

473 1485 555 1549 Ibid.
576 1485 597 1548 l.
621 1504 652 1569 3.
677 1489 812 1562 Θηβαῖοι
837 1483 1051 1568 Διοσπαλῖται]
1078 1482 1204 1549 Vetera
1231 1482 1367 1547 Homeri
1389 1482 1504 1549 Scholia:

430 1591 535 1667 Θῆβαι
552 1588 642 1653 πόλις
656 1587 851 1667 Αἰγςῆςτου,ἡ
873 1590 928 1650 νῦν
950 1586 1119 1667 καλουμένη
1135 1587 1313 1654 adnoto.
1357 1586 1438 1652 Vide
1450 1588 1505 1651 Dio

429 1690 553 1754 dorum.
577 1690 676 1754 Gonu
722 1686 812 1751 Urbs
834 1687 874 1751 de
897 1709 962 1772 qua
985 1688 1123 1764 domn,
1138 1686 1172 1751 in
1192 1688 1344 1773 AEgypto
1365 1688 1507 1773 nupedora,

430 1791 496 1855 sivo
519 1790 694 1868 Thebaide,
716 1789 780 1853 sita
802 1796 863 1853 eet.
913 1788 989 1853 Alia
1012 1808 1138 1874 quoque
1161 1788 1224 1853 fuit
1246 1788 1409 1875 Diospolis
1430 1789 1510 1854 infei

430 1892 496 1956 oris
520 1891 666 1977 AEgyptI,
690 1892 732 1955 ad
763 1912 859 1975 quam
885 1890 1012 1975 quidem
1037 1890 1148 1954 urbem
1175 1889 1354 1975 Dynaetiaa
1379 1891 1509 1976 Diospoli-

430 2001 593 2072 tanorum,
616 1994 801 2079 simpliciter
826 1994 874 2058 ita
898 2001 1093 2070 vocatorum,
1116 1992 1303 2057 referendae
1331 2014 1400 2057 enne
1427 2002 1510 2058 eamd

432 2096 617 2160 Perizonius
631 2117 701 2180 cap.
716 2100 745 2160 6.
761 2097 892 2182 AEyypt.
912 2097 1076 2181 Oriqinam
1091 2096 1237 2181 Invenio.
1283 2094 1348 2160 Sed
1367 2096 1425 2159 bau
1443 2096 1510 2160 dore

432 2206 578 2282 quaerant
593 2197 657 2262 alii.

476 2299 557 2364 Ibid.
573 2300 594 2364 I.
609 2322 640 2381 4
658 2301 708 2379 ἔτη
721 2297 815 2383 ροα’.]
833 2300 1006 2363 Pastorum
1020 2320 1153 2384 rognum
1173 2298 1207 2361 in
1221 2299 1373 2385 AEgypto
1392 2319 1446 2383 per
1462 2308 1510 2360 tra

431 2402 528 2466 haeae
550 2401 727 2485 Dyuaatiau
748 2422 905 2464 summam
930 2399 1028 2464 effluit
1050 2416 1123 2484 953.
1148 2400 1205 2464 sed
1227 2421 1304 2464 vero
1329 2399 1363 2463 in
1385 2401 1442 2463 hao
1461 2400 1508 2482 uy-

432 2502 539 2567 nastia
563 2525 643 2566 xrn.
668 2503 892 2566 Thebanorum
918 2502 1212 2587 Diospolitanorum
1240 2524 1342 2588 regna
1367 2510 1510 2567 densentur

433 2607 589 2688 οὕγχροοα
607 2605 703 2668 fuisso
724 2605 906 2688 pastoribus
920 2604 954 2667 in
969 2604 1080 2668 eadem
1095 2605 1292 2670 memoratis.
1332 2604 1404 2669 Ηοα
1424 2613 1509 2668 auton

432 2728 581 2770 numeros
610 2706 789 2770 consentire
814 2728 886 2770 oum
915 2706 1097 2770 namtione
1123 2706 1272 2793 Jooephi,
1294 2730 1366 2793 quae
1394 2729 1431 2771 ox
1454 2705 1507 2768 Ma·

432 2809 572 2872 nothone
594 2818 723 2892 sumpta
748 2807 780 2871 in
806 2808 861 2872 lib.
880 2808 906 2872 1.
920 2811 1037 2872 Contra
1051 2809 1199 2892 Anionem
1226 2831 1298 2894 oap.
1317 2831 1365 2890 ¹4·
1385 2831 1415 2893 p.
1439 2807 1508 2891 1338.

433 2913 482 2977 ed.
500 2911 648 2975 Hudsoni
670 2919 772 2987 extat,
791 2909 918 2974 difficile
938 2911 1001 2974 erit
1021 2910 1198 2975 ostendere.
1246 2913 1286 2975 In
1308 2933 1348 2976 ea
1366 2919 1464 2975 tamen
1482 2908 1510 2970 fit

432 3012 553 3077 mentio
567 3012 608 3076 de
630 3035 685 3076 sex
704 3013 766 3076 illis
781 3014 947 3097 Dynaotiae
964 3012 1225 3097 Decimaequintae
1245 3013 1446 3098 principibus,
1460 3008 1509 3094 qui·

433 3115 493 3179 bue
508 3115 626 3179 ibidem
641 3115 799 3180 Manetho
813 3136 915 3178 annos
929 3122 1057 3179 tantum
1074 3118 1146 3180 260.
1163 3137 1236 3192 uon,
1249 3123 1287 3180 ut
1301 3116 1363 3180 hoo
1376 3114 1442 3179 looo
1455 3114 1509 3190 284.

432 3216 591 3282 attribuit.

784 3383 1020 3447 DYNASTIA
1046 3383 1183 3448 XVIII.

479 3519 562 3583 Ibid.
578 3519 598 3582 l.
620 3540 629 3580 ι
635 3539 666 3603 3.
684 3518 796 3600 Ἀμας]
828 3518 992 3602 Synoollus
1015 3519 1173 3582 Goariane
1192 3518 1302 3597 Ἀμῶς.
1354 3517 1416 3581 Sed
1433 3515 1513 3593 Ἀμος

433 3629 666 3705 paroxytonum
682 3623 780 3684 MSS.
797 3620 882 3683 aneto
899 3622 1003 3684 Paria
1046 3623 1185 3699 Ἀμῶσης
1208 3643 1272 3683 non
1283 3621 1389 3699 Ἀμως
1407 3618 1513 3683 exhibet

433 3724 593 3801 Eusebiae,
620 3732 653 3788 ot
682 3724 802 3786 Amasis
826 3722 858 3785 in
884 3722 1030 3785 Chronico
1053 3722 1121 3807 ejus
1145 3732 1237 3786 extat
1262 3745 1282 3786 a
1309 3723 1348 3786 al.
1373 3717 1515 3785 Roucallio

433 3851 518 3892 anno
547 3830 635 3908 1787.
661 3825 786 3889 Pata-vii
809 3825 904 3887 odito.
953 3824 1114 3887 Tatdmosis
1139 3834 1315 3888 vocatura
1340 3822 1515 3888 Manethono

433 3931 519 4015 apud
541 3928 728 4013 Josephum.
774 3927 862 3989 Audi
887 3948 961 3989 vero
988 3927 1161 4012 Georgium
1188 3927 1370 4010 Syneellum
1395 3924 1514 4011 pag,63.

433 4032 548 4094 Ίστέον
568 4034 600 4094 δὲ
622 4031 669 4094 καὶ
689 4035 794 4092 τοῦτον
815 4029 865 4090 τὸν
879 4030 1021 4108 'Andura
1040 4029 1092 4092 τὸν
1112 4036 1227 4110 πρῶτον
1248 4032 1298 4093 ἐπὶ
1318 4035 1369 4108 τῆς
1390 4030 1436 4108 ιη’.
1450 4033 1516 4090 dura·
1540 4044 1547 4069 ¹

434 4136 536 4198 στείας
551 4134 702 4213 Αἰγύπτου
716 4132 948 4209 βασιλεύσοντα
962 4129 1319 4210 ὁἋφρικονὸςἈμωσιν
1334 4131 1475 4210 ὀνομάζει,
1484 4126 1518 4186 ὅτι

434 4235 584 4312 δυῶνυμος
598 4234 634 4312 ἦν
642 4232 785 4312 Ἀμωσις,
797 4234 813 4295 d
829 4232 916 4297 οὗτὸς
927 4232 975 4294 καὶ
985 4231 1142 4311 Τέθμωοις
1153 4235 1346 4310 καλούμενος,
1358 4227 1518 4304 υἱὸςἈοήθ·

431 4332 535 4412 'Auos
549 4355 631 4397 nuno
646 4334 766 4418 reoopit
782 4334 813 4396 in
830 4333 1009 4417 Syneellum
1025 4332 1218 4395 Dindorfiuo.

479 4434 562 4497 Ibid.
579 4434 627 4514 ἐφ’
644 4437 678 4497 οὗ
701 4437 717 4498 ὁ
741 4440 854 4514 Μωσῆς
876 4437 1002 4513 ἐξῆλθεν
1029 4435 1098 4518 bro]
1124 4434 1223 4497 Plane
1248 4434 1350 4518 liquet
1376 4435 1471 4498 verba
1491 4430 1521 4492 de

436 4534 537 4597 Mosis
561 4535 619 4597 sub
647 4536 759 4599 Amosi
785 4537 873 4601 exitu
899 4538 941 4601 ad
968 4536 1155 4600 Africanum
1178 4535 1352 4620 portinere,
1374 4537 1428 4620 qui
1453 4535 1522 4599 idem

434 4636 559 4713 statuit,
577 4659 757 4700 num.xx11.
779 4662 809 4722 p.
831 4642 903 4721 276.
926 4660 991 4702 non
1015 4638 1222 4702 Manethoniu
1246 4637 1353 4715 fuisse,
1373 4661 1445 4702 cum
1469 4636 1523 4702 Ma·

434 4738 533 4802 netho
553 4739 734 4814 tradiderit,
755 4748 792 4803 ut
812 4741 936 4804 ostendi
956 4763 1054 4825 supra
1074 4741 1115 4804 ad
1136 4740 1270 4824 Dynast.
1287 4762 1339 4804 xv.
1354 4741 1479 4804 Judoeot
1494 4757 1525 4801 ex

434 4840 583 4924 AEgypto
609 4842 717 4925 pulsos
743 4843 784 4905 ab
808 4843 997 4927 Anrouophe
1020 4865 1075 4905 ean
1098 4841 1356 4925 Ammenophthe
1378 4839 1526 4927 Rampnis,

435 4964 489 5004 seu
518 4943 673 5018 Raruesis,
696 4953 799 5029 patro,
828 4944 881 5028 qui
909 4944 1036 5029 quidem
1062 4944 1177 5007 tertius
1200 4944 1368 5026 Dynastiae
1392 4968 1460 5011 x1x.
1480 4962 1527 5006 rex

434 5041 530 5104 fuisse
550 5042 694 5114 videtum
719 5051 752 5107 et
768 5054 880 5106 eontra
892 5043 979 5126 prius
993 5042 1145 5105 accidisse
1164 5043 1327 5103 Pastorum
1342 5042 1464 5106 exitum
1478 5038 1527 5103 sub

435 5141 611 5218 TethmosI,
639 5144 703 5207 siue
737 5145 848 5208 Amasi
879 5144 973 5229 hujus
1008 5143 1172 5229 Dynaetiae
1202 5163 1277 5227 rege
1306 5144 1423 5227 primo,
1453 5140 1526 5227 qnod

320 5326 323 5331 Ι
398 5342 401 5347 Ι
434 5244 561 5327 quidem
584 5246 737 5331 temporis
760 5246 898 5333 epatium
920 5246 1017 5310 fuisse
1038 5267 1194 5310 annorum
1212 5248 1276 5330 518
1297 5246 1347 5311 ait
1369 5247 1526 5333 Iosephus.
