3917 6467
425 1088 494 1152 314
786 1087 1166 1153 ANNOTATIONES

426 1276 539 1342 ριοοιυ,
554 1254 667 1340 inquit,
683 1255 720 1320 do
740 1256 884 1321 8υιαιιοα
906 1255 983 1321 liber
1005 1277 1090 1320 snas.
1136 1256 1285 1342 Denique
1305 1265 1437 1343 utreque
1451 1257 1506 1322 lucc

428 1356 646 1444 epistolatum
660 1358 800 1423 mranimi
814 1366 957 1423 veterum
972 1357 1155 1424 testimonio
1169 1367 1305 1437 asserta,
1320 1358 1457 1445 pluribus
1470 1360 1507 1423 in

428 1481 525 1545 super
538 1458 695 1544 hodieque
715 1459 903 1544 consignata
921 1459 1081 1545 reperitur
1096 1459 1193 1525 MSS.
1208 1461 1381 1540 codicibus,
1395 1482 1510 1548 quorun

428 1562 494 1626 duo
507 1562 685 1647 praesertim
697 1562 907 1626 venerandam
919 1583 986 1646 prce
1000 1583 1034 1625 se
1044 1561 1151 1626 fsnmt
1161 1561 1399 1647 antiquitatem.
1434 1561 1513 1624 Alter

428 1664 513 1728 enim
535 1685 553 1728 e
575 1663 774 1729 Bibliotheca
796 1662 992 1728 Coisliniana
1013 1685 1099 1728 num.
1115 1663 1179 1726 xxi.
1195 1662 1364 1727 undecimo
1380 1663 1512 1727 Ecclesia

426 1765 543 1830 saeculo
557 1772 607 1829 est
618 1774 788 1840 exaratum
805 1766 971 1831 altervero
981 1787 1000 1829 e
1011 1765 1211 1830 Bibliotheca
1222 1766 1326 1852 Regia
1337 1766 1511 1849 num.1892.

426 1867 565 1952 scriptas
579 1875 628 1932 est
643 1869 765 1932 decimo
779 1868 877 1933 tertio
891 1868 1017 1932 saeculo.

469 1971 601 2034 Gertum
616 1977 667 2034 est
682 1970 851 2055 Origenem
866 1969 1063 2034 Nicomediae
1078 1969 1161 2033 hanc
1177 1990 1268 2033 suam
1283 1969 1326 2033 ad
1342 1968 1515 2034 Africanum

426 2068 594 2156 epistolam
609 2071 790 2156 scripsisse;
815 2092 949 2154 cumque
964 2070 1013 2133 bis
1033 2069 1065 2133 in
1081 2071 1239 2135 Graeciam
1261 2071 1326 2135 iter
1345 2070 1515 2145 instituerit,

427 2173 563 2259 primum
586 2195 671 2237 anno
698 2176 770 2239 228.
795 2173 966 2236 secundum
991 2182 1099 2236 autem
1125 2172 1292 2236 duodecim
1317 2181 1394 2257 post
1418 2194 1516 2248 annos,

426 2274 584 2338 alterutro
608 2273 721 2337 itinere
740 2272 956 2337 Nicomediam
980 2272 1117 2358 petiisse,
1134 2281 1168 2338 et
1191 2273 1266 2337 inde
1288 2274 1454 2359 epistolam
1472 2273 1516 2336 de-

427 2374 512 2438 disse
526 2374 660 2438 videtur.
706 2373 846 2437 Huetius
866 2375 1006 2438 secundo
1028 2374 1134 2438 itineri
1157 2374 1191 2438 id
1210 2374 1337 2439 tribuit.
1385 2374 1474 2439 Gertc
1489 2373 1516 2435 in

426 2475 488 2540 bac
507 2475 643 2560 epistola
659 2474 811 2539 Africano
831 2483 943 2541 narrat
958 2477 1122 2562 Origenes,
1137 2499 1172 2542 se
1191 2476 1313 2562 ingenti
1335 2477 1444 2541 labore
1457 2478 1516 2539 He

428 2577 528 2641 braici
553 2584 663 2641 textus
691 2583 726 2641 et
755 2577 859 2641 LXX
885 2580 1103 2664 Interpretum
1127 2578 1232 2644 varias
1256 2579 1421 2657 lectiones,
1443 2579 1518 2642 laets

428 2679 593 2762 utriusque
614 2677 782 2744 collatione
806 2680 978 2766 collegisse,
1000 2702 1100 2766 eaque
1121 2681 1162 2745 de
1182 2703 1281 2746 causa
1294 2681 1402 2746 varias
1422 2702 1519 2744 omncs

427 2780 583 2845 editiones
596 2780 833 2845 examinavisse.
879 2782 971 2862 Quod
987 2781 1014 2845 si
1029 2782 1180 2866 Hexapla
1193 2804 1252 2847 sua
1272 2782 1418 2847 indicere
1430 2782 1518 2847 voluit

427 2881 543 2966 quibus
556 2883 687 2946 edendis
700 2905 830 2947 manum
844 2884 987 2948 admovit
1006 2892 1176 2969 postquam
1199 2890 1326 2949 sextam
1345 2886 1519 2958 editionem,

427 2984 610 3070 Epiphanio
625 2991 717 3061 teste,
733 3006 817 3049 anno
832 2984 1010 3050 Alexandri
1024 2986 1129 3050 Severi
1144 2986 1292 3070 septimo,
1300 2985 1334 3051 id
1350 2994 1401 3052 est
1412 2985 1519 3052 Christi

428 3086 501 3150 228.
517 3086 648 3171 reperit,
659 3108 721 3150 non
737 3087 879 3172 potuisse
889 3087 1016 3152 videtur
1026 3086 1086 3151 hoc
1098 3087 1209 3152 eodem
1217 3109 1303 3152 anno
1314 3095 1385 3153 tam
1395 3089 1519 3153 arduum

427 3195 558 3272 tamque
572 3186 758 3252 immensum
774 3210 854 3274 opus
869 3188 1090 3273 Hexaplorum
1104 3190 1309 3253 concinnasse
1328 3196 1365 3254 et
1384 3190 1520 3254 edidisse

428 3289 548 3357 Melius
562 3310 638 3376 ergo
652 3290 787 3375 epistola
801 3291 842 3354 ad
859 3290 1047 3355 Africanum
1067 3291 1109 3354 ad
1131 3291 1302 3355 secundum
1323 3291 1357 3354 in
1373 3291 1519 3356 Gracism

426 3392 489 3457 iter
503 3392 690 3457 remittitur.
729 3392 948 3456 Tillemontius
962 3414 1027 3455 non
1042 3401 1149 3458 conset
1166 3393 1198 3456 in
1214 3392 1275 3456 hac
1289 3393 1428 3477 epistola
1442 3392 1520 3455 Hen-

426 3495 501 3580 apla
522 3493 665 3572 indicari,
687 3495 742 3558 sed
767 3494 920 3578 Tetrapla
942 3515 1013 3578 quae
1037 3494 1364 3580 opinatur‘adornari
1390 3495 1521 3579 potuisse

426 3605 503 3663 ante
516 3618 637 3661 annum
653 3599 726 3662 228.
757 3596 805 3661 At
817 3618 891 3659 vero
902 3597 935 3659 in
946 3596 1009 3661 hac
1019 3597 1154 3681 epistola
1165 3597 1204 3661 de
1218 3596 1331 3660 LXX.
1343 3619 1418 3661 cum
1431 3595 1520 3660 obelis

427 3707 462 3764 et
483 3699 644 3764 asteriscis
666 3699 805 3762 editione
827 3697 968 3783 loquitur
990 3697 1145 3783 Origenes
1165 3719 1250 3762 num.
1265 3721 1297 3775 4.
1322 3701 1372 3762 καὶ
1394 3697 1521 3763 moll

426 3805 521 3878 ἐστιν,
537 3800 650 3886 inquit,
667 3803 763 3882 εὑρεῖν
785 3803 819 3863 ἓν
839 3803 874 3886 τῇ
894 3799 1015 3881 γενέσει
1038 3802 1082 3866 οἷς
1102 3806 1211 3878 σημεῖα
1229 3800 1448 3881 παρεθήκαμεν,
1462 3801 1521 3865 τοὺς

428 3903 628 3981 καλουμένους
651 3900 718 3982 παρ’
729 3900 882 3980 Ἕλλησιν
905 3901 1043 3980 ὀβελοὺς,
1060 3900 1096 3964 ἵν’
1112 3903 1183 3981 ἡμῖν
1206 3903 1357 3983 γνόριμον
1376 3900 1397 3989 ᾖ
1416 3903 1450 3966 τὸ
1471 3928 1521 3965 τοι·

428 4007 526 4067 οΐσον·
551 4004 590 4070 ὣς
604 4002 696 4066 πόλιν
711 4004 913 4083 ἀστερίσκους,
929 4007 991 4068 τοῖς
1011 4001 1157 4081 κειμένοις
1178 4004 1236 4082 μὲν
1256 4005 1290 4065 ἐν
1311 4008 1351 4087 τῷ
1366 4002 1521 4087 Ἑβραῑκῷ,

428 4104 496 4186 παρ’
512 4107 582 4184 ἡμῖν
596 4108 629 4169 δὲ
648 4105 688 4184 μὴ
703 4103 932 4182 εὑρισκομένοις.
976 4104 1056 4168 Alia
1075 4126 1190 4189 qaoque
1206 4104 1241 4168 ΐιι
1267 4106 1378 4170 Genesi
1399 4108 1523 4191 reperire

428 4216 478 4283 st,
494 4205 602 4291 quibos
615 4207 703 4291 σι’ροσ
717 4206 919 4290 apposuimus,
931 4226 1025 4269 οιιυα
1039 4227 1060 4270 α
1080 4207 1199 4269 (ἶναοιζι
1212 4205 1309 4282 dicto,
1318 4217 1352 4270 ιιι
1360 4207 1445 4271 nodas
1457 4207 1523 4291 οὐν·

429 4308 511 4371 modi
525 4307 588 4371 locu
602 4308 806 4371 innotescant:
828 4307 906 4372 siem
919 4328 1029 4371 sareas
1041 4305 1185 4384 οόιίίοοοι,
1200 4307 1243 4371 iis
1260 4329 1329 4392 qsae
1348 4309 1383 4371 in
1399 4309 1526 4373 Hebroec

429 4408 549 4493 quidem
563 4417 686 4481 mecm,
702 4408 789 4492 αριιιί
800 4428 854 4470 cos
868 4417 966 4471 cctam
980 4429 1040 4471 ιιοο
1058 4408 1262 4471 inveniantur.
1308 4410 1402 4490 Quod
1421 4419 1528 4475 autom

430 4511 463 4573 in
479 4510 639 4595 Tetraplis
660 4509 831 4573 editionem
848 4509 959 4573 LXX.
977 4531 1041 4572 non
1065 4509 1279 4574 emendaverit
1293 4510 1461 4595 Origenes,
1474 4511 1526 4576 aed

430 4612 469 4675 iis
483 4633 611 4676 manum
625 4612 780 4675 medicam
799 4610 960 4674 obolorum
981 4621 1016 4675 ct
1034 4611 1242 4674 astericorum
1263 4634 1322 4675 usu
1341 4621 1457 4697 postea
1475 4614 1529 4677 nd·

429 4715 573 4787 moverit,
588 4736 701 4799 nempe
724 4734 795 4776 cum
821 4712 969 4797 Hexapla
992 4720 1026 4777 et
1051 4713 1188 4798 Octnpla
1210 4714 1397 4792 adornaret,
1414 4715 1527 4779 invicte

429 4817 545 4900 probat
575 4815 614 4878 R.
639 4817 677 4878 P.
702 4814 847 4877 Domnus
873 4813 1056 4878 Bernardus
1081 4816 1122 4878 de
1146 4815 1359 4881 Montl‘aucon
1384 4818 1418 4881 in
1442 4817 1527 4882 Prae·

428 4917 623 4982 liminaribus
642 4916 709 4979 suis
731 4915 772 4978 ad
798 4914 948 5000 Hexapla
968 4937 1040 5001 pag.
1056 4936 1105 4980 10.
1120 4923 1155 4980 et
1169 4938 1241 5001 pag.
1255 4919 1310 5001 38.
1357 4918 1430 4982 Non
1453 4941 1529 5004 ergo

428 5020 528 5082 solum
540 5025 613 5103 post
623 5017 855 5101 Tetraplorum‚
867 5018 922 5080 sed
934 5017 1030 5081 etiam
1044 5023 1116 5101 post
1126 5016 1346 5102 Hexaplorum
1356 5019 1528 5083 editionem

427 5120 517 5184 etad
537 5118 708 5183 secundum
731 5118 877 5203 Origenis
902 5119 965 5182 iter
988 5118 1020 5181 in
1045 5117 1206 5184 Graeoiam
1230 5119 1366 5204 epistola
1385 5122 1427 5186 ad
1443 5120 1537 5185 Afri-
