3917 6467
430 1098 496 1160 448
802 1095 1158 1161 ANNOTATIONES

430 1265 495 1328 cuii
510 1264 701 1340 defecerant„
714 1286 735 1328 a
746 1272 818 1329 tota
832 1286 956 1328 mmma
969 1286 1127 1329 annorum
1143 1284 1153 1327 1
1158 1284 1180 1349 3
1182 1268 1237 1349 36.
1250 1285 1324 1348 qum
1335 1265 1445 1329 ibidem
1453 1287 1506 1351 qm

431 1388 493 1450 que
507 1377 685 1430 memorata
698 1375 761 1442 est,
775 1367 952 1443 deduxeris,
964 1366 1135 1431 restabunt
1148 1364 1227 1430 anni
1238 1388 1331 1430 xxvi.
1356 1367 1418 1430 His
1426 1376 1508 1430 euleu

432 1467 657 1531 Sacerdotibus
682 1469 798 1532 Oastor
823 1490 895 1531 cum
920 1469 1006 1552 apud
1028 1467 1207 1531 Eusebium
1232 1466 1268 1531 iu
1293 1468 1443 1546 Olonico,
1461 1477 1510 1532 tm

430 1569 515 1651 apud
543 1569 714 1650 Quum
736 1591 768 1653 p.
791 1586 843 1651 97.
866 1590 1021 1632 annorum
1045 1568 1187 1652 spatium
1214 1590 1336 1631 mm.
1356 1568 1511 1654 assignarit

431 1669 548 1733 Oenier
565 1679 599 1734 et
615 1693 645 1753 p.
666 1689 737 1753 152.
781 1669 836 1732 Ad
856 1669 924 1732 baec
944 1669 977 1731 in
997 1668 1162 1744 laterculo,
1177 1670 1266 1752 quod
1288 1671 1442 1735 tributum
1454 1669 1510 1734 oo

431 1770 494 1833 tori
509 1770 651 1854 Scaliger
664 1771 777 1834 attulit
791 1770 824 1833 in
843 1771 965 1834 Groecir
977 1769 1143 1834 Eamus.
1157 1792 1233 1856 pag.
1253 1792 1306 1853 19.
1320 1771 1396 1835 anni
1412 1793 1458 1833 11.
1471 1771 1512 1833 hcc

430 1873 526 1935 modo
554 1872 754 1957 colliguntur.
811 1871 990 1935 Archelaus
1013 1892 1088 1936 aun.
1114 1891 1142 1935 1.
1167 1873 1394 1936 Automedon.
1414 1891 1511 1935 auur.

431 1972 623 2056 Theoclytus
637 1995 712 2035 ann.
723 1995 754 2054 4
771 1973 901 2036 Euneus
914 1994 990 2036 unu.
1006 1978 1037 2035 ό.
1049 1972 1255 2036 Theonomus
1270 1996 1347 2038 aun.
1363 1996 1394 2058 9.
1407 1971 1513 2057 Amphi

429 2095 507 2158 gyes
521 2095 596 2137 ann.
617 2074 666 2137 18.
682 2073 891 2137 Charidemus
905 2095 979 2137 aun.
999 2093 1026 2136 1.

476 2178 512 2238 Ρ.
531 2175 635 2260 283.1.
647 2194 677 2259 3.
693 2176 768 2239 anni
783 2177 946 2262 oocxxmn]
964 2175 1134 2239 Stabilitur
1148 2197 1304 2239 numerus
1317 2175 1409 2240 initio
1421 2196 1513 2238 mem

430 2282 521 2339 ratus
545 2297 741 2339 cucumer
764 2278 1003 2362 computatione
1028 2276 1146 2339 ibidem
1171 2277 1264 2342 inita
1312 2276 1460 2342 Ceterum
1479 2276 1512 2340 ait

430 2374 572 2460 Scaliger
586 2377 756 2441 Alcimede.
772 2380 807 2441 iu
821 2377 948 2442 Easebii
963 2377 1113 2441 Chronica
1127 2400 1157 2462 p.
1173 2381 1239 2462 56;
1260 2386 1283 2416 “
1295 2380 1326 2442 A
1339 2378 1415 2464 fuga
1428 2377 1514 2444 chre

430 2485 453 2516 “
467 2478 551 2541 demi
565 2480 607 2542 ed
622 2481 757 2562 primum
771 2481 1003 2566 Olympiadem,
1018 2486 1093 2543 sunt
1107 2481 1182 2544 auni
1201 2504 1306 2544 coum.
1350 2482 1455 2563 Quare
1467 2480 1513 2545 llx-

430 2588 452 2618 “
468 2587 580 2664 cerpta
594 2581 839 2646 Barbamlatina
859 2583 940 2646 male
961 2581 1144 2666 concipiunt
1163 2583 1429 2646 aun.coexxv11.”
1468 2581 1514 2646 sed

429 2702 515 2755 vero,
532 2681 559 2744 si
575 2682 704 2746 Eusebii
716 2683 893 2747 rationibus
904 2683 1080 2747 attenderis
1091 2682 1124 2746 in
1137 2683 1299 2759 Chronico,
1309 2707 1331 2747 e
1341 2683 1418 2769 fuga
1427 2682 1515 2748 Obar'r

429 2782 512 2845 demi
533 2784 575 2846 ad
595 2805 695 2867 usque
710 2785 838 2848 Azariae
858 2786 942 2869 regis
961 2807 1079 2849 anuum
1094 2804 1146 2869 37,
1163 2806 1227 2870 quo
1247 2785 1318 2869 ipse
1340 2786 1446 2870 posuit
1459 2784 1515 2848 Sea·

430 2883 509 2967 liger
528 2885 747 2969 Olympiadem
770 2887 914 2970 primam,
935 2886 1010 2950 anni
1032 2886 1159 2950 circiter
1179 2907 1255 2971 300,
1272 2910 1339 2951 uon
1360 2909 1436 2973 350,
1450 2885 1516 2951 eolli-

428 2994 556 3070 guntur.
604 2987 760 3051 Eusebius
780 2988 917 3074 quidem,
932 2990 1009 3051 dum
1029 2988 1151 3052 initium
1168 2988 1398 3074 Olympiadum
1417 3009 1462 3074 ¹3·
1475 3008 1515 3051 ao

429 3088 479 3151 nis
494 3089 651 3172 posterius
666 3090 793 3165 statuit,
803 3089 897 3173 paulo
908 3089 1014 3174 plures
1023 3111 1124 3152 anuos
1135 3089 1220 3153 inter
1229 3090 1417 3155 Charidemi
1428 3092 1516 3175 lugeo

429 3197 528 3273 atque
543 3191 748 3276 Olympiadas
763 3200 963 3275 computasse
974 3191 1107 3254 videtur.
1153 3191 1218 3254 Sed
1232 3191 1282 3255 ita
1297 3193 1429 3276 propius
1442 3193 1515 3255 abest

430 3291 587 3355 Eusebius
605 3293 647 3356 ab
663 3293 807 3356 Africani
826 3294 913 3377 apud
928 3293 1157 3376 Excerptorem
1179 3294 1332 3368 numeris,
1349 3316 1478 3378 quocum
1491 3292 1515 3353 iu

429 3412 552 3455 summa
572 3394 710 3456 omnium
730 3416 896 3470 annorum,
913 3395 1027 3477 quibus
1050 3394 1158 3456 stabat
1182 3393 1369 3477 Sicyonium
1393 3413 1514 3479 regnum,

429 3494 597 3557 consentit.

472 3594 554 3658 Ibid.
567 3596 587 3658 l.
600 3616 630 3678 5.
642 3598 717 3659 unni
733 3598 817 3661 mille
833 3600 1006 3681 cccxxxvi]
1027 3598 1113 3660 Satis
1128 3597 1355 3661 convenienter
1369 3621 1439 3661 cum
1449 3596 1515 3660 Afri

429 3697 498 3759 cani
515 3698 701 3761 rationibus.
736 3701 854 3763 Positis
870 3700 951 3762 enim
967 3700 1062 3762 rebus
1076 3698 1206 3782 siugulis
1222 3720 1304 3782 quas
1319 3701 1436 3763 statuit
1448 3697 1516 3762 Airi-

428 3800 568 3862 canusio
581 3800 640 3863 hac
655 3801 740 3880 ῥήσει
751 3809 784 3865 et
799 3803 831 3864 in
845 3802 937 3864 Num.
955 3824 1022 3863 xxi.
1037 3809 1168 3864 etxxxi.
1184 3807 1217 3864 et
1233 3823 1360 3865 xxxvii.
1376 3802 1514 3874 nimirum,

428 3900 587 3984 inceptum
604 3902 699 3964 luisse
714 3924 797 3965 anno
818 3903 919 3966 Jacob
941 3903 1131 3985 patriarchae
1153 3920 1203 3981 29.
1221 3902 1445 3985 Sicyoniorum
1464 3925 1516 3986 reg·

428 4024 513 4077 num,
529 4003 552 4064 J
554 4003 725 4086 osephique
740 4005 862 4067 obitum
878 4026 949 4067 cunr
964 4004 1056 4066 annis
1072 4004 1185 4065 Mundi
1201 4007 1299 4087 3563.
1315 4007 1463 4090 conjungi
1477 4007 1517 4067 de

429 4105 513 4179 bere,
528 4106 570 4167 ad
594 4105 770 4169 Salomonis
790 4115 898 4170 autem
917 4128 1035 4171 annum
1057 4113 1203 4169 octavum
1227 4109 1443 4171 numerandos
1463 4128 1516 4171 esse

427 4227 528 4268 anuos
545 4207 658 4269 Mundi
674 4224 772 4290 4457,
787 4209 920 4292 deniqne
935 4208 1039 4292 prima
1054 4207 1244 4290 Olympiade
1259 4209 1400 4291 primum
1415 4228 1515 4273 sunum

428 4307 548 4369 Achuzi
574 4308 657 4391 regis
683 4311 916 4393 comprehendi,
941 4310 1020 4372 sutis
1046 4331 1202 4392 superque
1228 4312 1393 4375 constabit
1421 4312 1516 4394 cuique

427 4405 580 4469 calculum
604 4412 733 4491 ponenti
757 4411 830 4473 inde
856 4432 1016 4495 emergere
1043 4430 1198 4472 summam
1224 4408 1354 4473 circiter
1376 4431 1516 4474 anuomm

428 4530 614 4571 ccccxxxvi.
631 4511 673 4573 ab
689 4512 768 4575 inito
784 4513 1001 4597 Sicyoniorum
1019 4533 1118 4595 regno
1137 4510 1294 4594 adusque
1310 4513 1516 4598 Olympiadem

427 4630 572 4691 primam.

921 4787 1042 4851 XXX.

470 4916 550 4980 ibid.
565 4917 585 4978 l.
600 4937 648 4980 10.
664 4920 726 4974 Ἐὰν
739 4922 861 4978 οὖνκατὰ
876 4928 921 4979 τὸν
934 4925 1100 4979 Ἀπόστολον
1115 4921 1186 5004 blm]
1207 4921 1288 4984 Haee
1304 4924 1434 5007 Georgii
1450 4922 1516 5006 Syll·

425 5017 493 5080 celli
509 5019 642 5101 protulit
657 5019 797 5103 Scaliger
809 5020 839 5081 in
855 5020 1023 5082 Auimcdc.
1040 5022 1073 5082 in
1087 5021 1239 5086 Chronica
1251 5024 1384 5088 Eusebii
1392 5047 1462 5110 pag.
1473 5029 1514 5083 ⁶0.

426 5119 579 5201 Spectant
594 5130 701 5185 eutem
717 5122 757 5184 ad
774 5124 842 5185 Aa.
862 5123 964 5205 Aposl.
983 5123 1046 5185 xiii.
1065 5142 1115 5186 20.
