<?xml version="1.0" encoding="UTF-8"?>
<!DOCTYPE html PUBLIC "-//W3C//DTD XHTML 1.0 Transitional//EN"
    "http://www.w3.org/TR/xhtml1/DTD/xhtml1-transitional.dtd">
<html xmlns="http://www.w3.org/1999/xhtml" xml:lang="en" lang="en">
 <head>
  <title>
</title>
<meta http-equiv="Content-Type" content="text/html;charset=utf-8" />
  <meta name='ocr-system' content='tesseract 3.04.00' />
  <meta name='ocr-capabilities' content='ocr_page ocr_carea ocr_par ocr_line ocrx_word'/>
</head>
<body>
  <div class='ocr_page' id='page_1' title='image "./reliquiaesacrae06routgoog_0419.png"; bbox 0 0 3917 6467; ppageno 0'>
   <div class='ocr_carea' id='block_1_1' title="bbox 696 1094 1528 1163">
    <p class='ocr_par' dir='ltr' id='par_1_1' title="bbox 696 1094 1528 1163">
     <span class='ocr_line' id='line_1_1' title="bbox 696 1094 1528 1163; baseline 0.004 -3"><span class='ocrx_word' id='word_1_1' title='bbox 696 1096 747 1161; x_wconf 89' lang='lat' dir='ltr'>IN</span> <span class='ocrx_word' id='word_1_2' title='bbox 769 1095 992 1162; x_wconf 81' lang='lat' dir='ltr'>AFRICANI</span> <span class='ocrx_word' id='word_1_3' title='bbox 1016 1094 1260 1162; x_wconf 80' lang='lat' dir='ltr'>CHRONIOA.</span> <span class='ocrx_word' id='word_1_4' title='bbox 1464 1097 1528 1163; x_wconf 72' lang='lat'>409</span> 
     </span>
    </p>
   </div>
   <div class='ocr_carea' id='block_1_2' title="bbox 424 1262 1539 5322">
    <p class='ocr_par' dir='ltr' id='par_1_2' title="bbox 429 1262 1527 1452">
     <span class='ocr_line' id='line_1_2' title="bbox 470 1262 1527 1350; baseline -0.003 -20"><span class='ocrx_word' id='word_1_5' title='bbox 470 1266 510 1330; x_wconf 90' lang='lat' dir='ltr'>P.</span> <span class='ocrx_word' id='word_1_6' title='bbox 522 1268 595 1350; x_wconf 84' lang='lat'>263.</span> <span class='ocrx_word' id='word_1_7' title='bbox 609 1265 630 1327; x_wconf 94' lang='lat' dir='ltr'>l.</span> <span class='ocrx_word' id='word_1_8' title='bbox 644 1282 693 1348; x_wconf 82' lang='lat'>25.</span> <span class='ocrx_word' id='word_1_9' title='bbox 705 1268 748 1332; x_wconf 85' lang='grc' dir='ltr'>είς</span> <span class='ocrx_word' id='word_1_10' title='bbox 767 1266 821 1343; x_wconf 76' lang='grc' dir='ltr'>τὴν</span> <span class='ocrx_word' id='word_1_11' title='bbox 845 1267 1026 1348; x_wconf 74' lang='grc' dir='ltr'>ἐπωνυμίαν]</span> <span class='ocrx_word' id='word_1_12' title='bbox 1053 1264 1123 1328; x_wconf 85' lang='grc' dir='ltr'>Ηοο</span> <span class='ocrx_word' id='word_1_13' title='bbox 1146 1286 1186 1328; x_wconf 84' lang='lat' dir='ltr'>ex</span> <span class='ocrx_word' id='word_1_14' title='bbox 1206 1263 1313 1326; x_wconf 72' lang='lat' dir='ltr'>Odroo.</span> <span class='ocrx_word' id='word_1_15' title='bbox 1334 1262 1478 1327; x_wconf 64' lang='lat' dir='ltr'>Paratur.</span> <span class='ocrx_word' id='word_1_16' title='bbox 1494 1271 1527 1327; x_wconf 84' lang='lat' dir='ltr'>et</span> 
     </span>
     <span class='ocr_line' id='line_1_3' title="bbox 429 1367 957 1452; baseline -0.008 -19"><span class='ocrx_word' id='word_1_17' title='bbox 429 1368 564 1433; x_wconf 71' lang='lat' dir='ltr'>Cadmo</span> <span class='ocrx_word' id='word_1_18' title='bbox 578 1388 638 1452; x_wconf 89' lang='lat' dir='ltr'>pro</span> <span class='ocrx_word' id='word_1_19' title='bbox 653 1369 695 1434; x_wconf 80' lang='grc' dir='ltr'>είς</span> <span class='ocrx_word' id='word_1_20' title='bbox 710 1368 850 1447; x_wconf 73' lang='grc' dir='ltr'>ἐπώνυμα</span> <span class='ocrx_word' id='word_1_21' title='bbox 863 1367 957 1430; x_wconf 87' lang='lat' dir='ltr'>edidi.</span> 
     </span>
    </p>

    <p class='ocr_par' dir='ltr' id='par_1_3' title="bbox 425 1466 1531 2369">
     <span class='ocr_line' id='line_1_4' title="bbox 473 1466 1528 1551; baseline -0.002 -19"><span class='ocrx_word' id='word_1_22' title='bbox 473 1469 558 1533; x_wconf 90' lang='lat' dir='ltr'>lbid.</span> <span class='ocrx_word' id='word_1_23' title='bbox 572 1469 594 1532; x_wconf 96' lang='lat' dir='ltr'>l.</span> <span class='ocrx_word' id='word_1_24' title='bbox 612 1473 663 1533; x_wconf 84' lang='lat'>26.</span> <span class='ocrx_word' id='word_1_25' title='bbox 680 1469 713 1535; x_wconf 78' lang='lat' dir='ltr'>dr</span> <span class='ocrx_word' id='word_1_26' title='bbox 734 1475 848 1549; x_wconf 80' lang='grc' dir='ltr'>πρῶτος</span> <span class='ocrx_word' id='word_1_27' title='bbox 869 1467 941 1548; x_wconf 77' lang='grc' dir='ltr'>ἦρξε</span> <span class='ocrx_word' id='word_1_28' title='bbox 962 1475 1022 1532; x_wconf 82' lang='grc' dir='ltr'>τῶν</span> <span class='ocrx_word' id='word_1_29' title='bbox 1044 1467 1224 1551; x_wconf 89' lang='grc' dir='ltr'>Ἀσσυρίων]</span> <span class='ocrx_word' id='word_1_30' title='bbox 1249 1466 1454 1551; x_wconf 71' lang='lat' dir='ltr'><strong>Assyriorum</strong></span> <span class='ocrx_word' id='word_1_31' title='bbox 1479 1489 1528 1531; x_wconf 88' lang='lat' dir='ltr'>re-</span> 
     </span>
     <span class='ocr_line' id='line_1_5' title="bbox 425 1568 1528 1657; baseline -0.002 -23"><span class='ocrx_word' id='word_1_32' title='bbox 425 1593 483 1657; x_wconf 80' lang='lat' dir='ltr'>ges</span> <span class='ocrx_word' id='word_1_33' title='bbox 497 1570 591 1655; x_wconf 90' lang='lat' dir='ltr'>primi</span> <span class='ocrx_word' id='word_1_34' title='bbox 605 1570 666 1634; x_wconf 92' lang='lat' dir='ltr'>hoo</span> <span class='ocrx_word' id='word_1_35' title='bbox 680 1570 791 1634; x_wconf 87' lang='lat' dir='ltr'>ordine</span> <span class='ocrx_word' id='word_1_36' title='bbox 805 1571 871 1633; x_wconf 81' lang='lat' dir='ltr'>fere</span> <span class='ocrx_word' id='word_1_37' title='bbox 888 1577 1101 1645; x_wconf 73' lang='lat' dir='ltr'>recensentur,</span> <span class='ocrx_word' id='word_1_38' title='bbox 1115 1569 1235 1654; x_wconf 89' lang='lat' dir='ltr'>primus</span> <span class='ocrx_word' id='word_1_39' title='bbox 1250 1568 1356 1644; x_wconf 88' lang='lat' dir='ltr'>Belus,</span> <span class='ocrx_word' id='word_1_40' title='bbox 1372 1570 1528 1633; x_wconf 88' lang='lat' dir='ltr'>secundus</span> 
     </span>
     <span class='ocr_line' id='line_1_6' title="bbox 427 1670 1528 1758; baseline -0.002 -22"><span class='ocrx_word' id='word_1_41' title='bbox 427 1672 547 1750; x_wconf 87' lang='lat' dir='ltr'>Ninus,</span> <span class='ocrx_word' id='word_1_42' title='bbox 562 1672 617 1758; x_wconf 95' lang='lat' dir='ltr'>qui</span> <span class='ocrx_word' id='word_1_43' title='bbox 633 1672 702 1735; x_wconf 91' lang='lat' dir='ltr'>Beli</span> <span class='ocrx_word' id='word_1_44' title='bbox 719 1671 780 1735; x_wconf 87' lang='lat' dir='ltr'>fuit</span> <span class='ocrx_word' id='word_1_45' title='bbox 797 1672 973 1757; x_wconf 84' lang='lat' dir='ltr'>progenies,</span> <span class='ocrx_word' id='word_1_46' title='bbox 989 1671 1126 1736; x_wconf 90' lang='lat' dir='ltr'>testibus</span> <span class='ocrx_word' id='word_1_47' title='bbox 1145 1670 1289 1756; x_wconf 81' lang='lat' dir='ltr'>plurimis</span> <span class='ocrx_word' id='word_1_48' title='bbox 1309 1671 1528 1756; x_wconf 83' lang='lat' dir='ltr'>scriptoribus,</span> 
     </span>
     <span class='ocr_line' id='line_1_7' title="bbox 426 1772 1529 1859; baseline -0.002 -20"><span class='ocrx_word' id='word_1_49' title='bbox 426 1774 625 1859; x_wconf 85' lang='lat' dir='ltr'>maritusque</span> <span class='ocrx_word' id='word_1_50' title='bbox 645 1774 836 1850; x_wconf 83' lang='lat' dir='ltr'>Semiramis,</span> <span class='ocrx_word' id='word_1_51' title='bbox 858 1796 921 1837; x_wconf 93' lang='lat' dir='ltr'>non</span> <span class='ocrx_word' id='word_1_52' title='bbox 943 1774 1044 1844; x_wconf 59' lang='lat' dir='ltr'>filiun</span> <span class='ocrx_word' id='word_1_53' title='bbox 1069 1773 1167 1838; x_wconf 88' lang='lat' dir='ltr'>tertia</span> <span class='ocrx_word' id='word_1_54' title='bbox 1182 1772 1374 1851; x_wconf 77' lang='lat' dir='ltr'>Semiramis,</span> <span class='ocrx_word' id='word_1_55' title='bbox 1395 1781 1529 1857; x_wconf 88' lang='lat' dir='ltr'>quartus</span> 
     </span>
     <span class='ocr_line' id='line_1_8' title="bbox 426 1875 1529 1960; baseline -0.003 -19"><span class='ocrx_word' id='word_1_56' title='bbox 426 1877 557 1941; x_wconf 88' lang='lat' dir='ltr'>demum</span> <span class='ocrx_word' id='word_1_57' title='bbox 572 1875 693 1959; x_wconf 89' lang='lat' dir='ltr'>Ninyas</span> <span class='ocrx_word' id='word_1_58' title='bbox 706 1876 790 1940; x_wconf 86' lang='lat' dir='ltr'>lilius</span> <span class='ocrx_word' id='word_1_59' title='bbox 805 1876 880 1939; x_wconf 91' lang='lat' dir='ltr'>Nini</span> <span class='ocrx_word' id='word_1_60' title='bbox 899 1883 997 1960; x_wconf 88' lang='lat' dir='ltr'>atque</span> <span class='ocrx_word' id='word_1_61' title='bbox 1016 1875 1208 1940; x_wconf 83' lang='lat' dir='ltr'>Semiramis.</span> <span class='ocrx_word' id='word_1_62' title='bbox 1253 1876 1357 1940; x_wconf 89' lang='lat' dir='ltr'>Porro</span> <span class='ocrx_word' id='word_1_63' title='bbox 1376 1876 1460 1940; x_wconf 88' lang='lat' dir='ltr'>hunc</span> <span class='ocrx_word' id='word_1_64' title='bbox 1480 1897 1529 1939; x_wconf 90' lang='lat' dir='ltr'>or-</span> 
     </span>
     <span class='ocr_line' id='line_1_9' title="bbox 426 1976 1531 2065; baseline -0.002 -22"><span class='ocrx_word' id='word_1_65' title='bbox 426 1978 537 2043; x_wconf 86' lang='lat' dir='ltr'>dinem</span> <span class='ocrx_word' id='word_1_66' title='bbox 558 1977 745 2041; x_wconf 88' lang='lat' dir='ltr'>suceedendi</span> <span class='ocrx_word' id='word_1_67' title='bbox 769 1976 828 2063; x_wconf 91' lang='lat' dir='ltr'>ipsi</span> <span class='ocrx_word' id='word_1_68' title='bbox 850 1977 1004 2042; x_wconf 89' lang='lat' dir='ltr'>Africano</span> <span class='ocrx_word' id='word_1_69' title='bbox 1029 1978 1179 2043; x_wconf 77' lang='lat' dir='ltr'>attribuit</span> <span class='ocrx_word' id='word_1_70' title='bbox 1200 1978 1363 2065; x_wconf 87' lang='lat' dir='ltr'>Josephus</span> <span class='ocrx_word' id='word_1_71' title='bbox 1389 1978 1531 2063; x_wconf 81' lang='lat' dir='ltr'>Scaliger</span> 
     </span>
     <span class='ocr_line' id='line_1_10' title="bbox 426 2079 1530 2166; baseline -0.001 -20"><span class='ocrx_word' id='word_1_72' title='bbox 426 2080 570 2146; x_wconf 71' lang='lat' dir='ltr'>Neritia</span> <span class='ocrx_word' id='word_1_73' title='bbox 589 2081 703 2145; x_wconf 78' lang='lat' dir='ltr'>Graeea</span> <span class='ocrx_word' id='word_1_74' title='bbox 716 2079 843 2145; x_wconf 75' lang='lat' dir='ltr'>Eruedii</span> <span class='ocrx_word' id='word_1_75' title='bbox 857 2103 889 2166; x_wconf 90' lang='lat' dir='ltr'>p.</span> <span class='ocrx_word' id='word_1_76' title='bbox 900 2101 976 2166; x_wconf 83' lang='lat'><strong>4¹3·</strong></span> <span class='ocrx_word' id='word_1_77' title='bbox 989 2088 1023 2146; x_wconf 87' lang='lat' dir='ltr'>et</span> <span class='ocrx_word' id='word_1_78' title='bbox 1037 2081 1124 2145; x_wconf 90' lang='lat' dir='ltr'>alibi.</span> <span class='ocrx_word' id='word_1_79' title='bbox 1168 2081 1217 2145; x_wconf 90' lang='lat' dir='ltr'>At</span> <span class='ocrx_word' id='word_1_80' title='bbox 1232 2081 1362 2144; x_wconf 91' lang='lat' dir='ltr'>dubium</span> <span class='ocrx_word' id='word_1_81' title='bbox 1377 2081 1437 2145; x_wconf 90' lang='lat' dir='ltr'>hoc</span> <span class='ocrx_word' id='word_1_82' title='bbox 1452 2081 1530 2145; x_wconf 80' lang='lat' dir='ltr'>iacit</span> 
     </span>
     <span class='ocr_line' id='line_1_11' title="bbox 426 2181 1531 2268; baseline 0.001 -23"><span class='ocrx_word' id='word_1_83' title='bbox 426 2185 514 2265; x_wconf 78' lang='grc' dir='ltr'>ῥῆσις</span> <span class='ocrx_word' id='word_1_84' title='bbox 540 2181 639 2259; x_wconf 79' lang='lat' dir='ltr'>istaec,</span> <span class='ocrx_word' id='word_1_85' title='bbox 662 2182 722 2247; x_wconf 90' lang='lat' dir='ltr'>nisi</span> <span class='ocrx_word' id='word_1_86' title='bbox 749 2183 854 2247; x_wconf 83' lang='lat' dir='ltr'>dubiae</span> <span class='ocrx_word' id='word_1_87' title='bbox 876 2181 951 2246; x_wconf 86' lang='lat' dir='ltr'>fidei</span> <span class='ocrx_word' id='word_1_88' title='bbox 975 2182 1019 2247; x_wconf 88' lang='lat' dir='ltr'>sit</span> <span class='ocrx_word' id='word_1_89' title='bbox 1042 2183 1121 2268; x_wconf 86' lang='lat' dir='ltr'>ipsa,</span> <span class='ocrx_word' id='word_1_90' title='bbox 1145 2182 1178 2246; x_wconf 91' lang='lat' dir='ltr'>in</span> <span class='ocrx_word' id='word_1_91' title='bbox 1201 2204 1264 2266; x_wconf 87' lang='lat' dir='ltr'>que</span> <span class='ocrx_word' id='word_1_92' title='bbox 1286 2181 1413 2267; x_wconf 91' lang='lat' dir='ltr'>quidem</span> <span class='ocrx_word' id='word_1_93' title='bbox 1435 2182 1531 2246; x_wconf 87' lang='lat' dir='ltr'>Belus</span> 
     </span>
     <span class='ocr_line' id='line_1_12' title="bbox 429 2283 1266 2369; baseline 0 -22"><span class='ocrx_word' id='word_1_94' title='bbox 429 2283 516 2348; x_wconf 89' lang='lat' dir='ltr'>Nino</span> <span class='ocrx_word' id='word_1_95' title='bbox 532 2286 729 2361; x_wconf 85' lang='lat' dir='ltr'>successisse,</span> <span class='ocrx_word' id='word_1_96' title='bbox 744 2306 808 2348; x_wconf 91' lang='lat' dir='ltr'>non</span> <span class='ocrx_word' id='word_1_97' title='bbox 822 2306 880 2348; x_wconf 84' lang='lat' dir='ltr'>rex</span> <span class='ocrx_word' id='word_1_98' title='bbox 894 2284 1016 2369; x_wconf 89' lang='lat' dir='ltr'>primus</span> <span class='ocrx_word' id='word_1_99' title='bbox 1030 2284 1125 2349; x_wconf 79' lang='lat' dir='ltr'>fuisse</span> <span class='ocrx_word' id='word_1_100' title='bbox 1140 2284 1266 2349; x_wconf 87' lang='lat' dir='ltr'>dicitur.</span> 
     </span>
    </p>

    <p class='ocr_par' dir='ltr' id='par_1_4' title="bbox 427 2386 1534 2982">
     <span class='ocr_line' id='line_1_13' title="bbox 474 2386 1531 2473; baseline 0 -23"><span class='ocrx_word' id='word_1_101' title='bbox 474 2386 511 2450; x_wconf 93' lang='grc' dir='ltr'>Ρ.</span> <span class='ocrx_word' id='word_1_102' title='bbox 531 2389 602 2466; x_wconf 76' lang='lat'>264</span> <span class='ocrx_word' id='word_1_103' title='bbox 618 2386 637 2449; x_wconf 92' lang='lat' dir='ltr'>l.</span> <span class='ocrx_word' id='word_1_104' title='bbox 651 2405 681 2452; x_wconf 87' lang='lat'>2.</span> <span class='ocrx_word' id='word_1_105' title='bbox 698 2388 778 2450; x_wconf 78' lang='grc' dir='ltr'>ὁκαὶ</span> <span class='ocrx_word' id='word_1_106' title='bbox 793 2388 900 2473; x_wconf 83' lang='grc' dir='ltr'>Πῖκος]</span> <span class='ocrx_word' id='word_1_107' title='bbox 916 2387 971 2452; x_wconf 83' lang='lat' dir='ltr'>Ita</span> <span class='ocrx_word' id='word_1_108' title='bbox 985 2410 1099 2452; x_wconf 91' lang='lat' dir='ltr'>nomen</span> <span class='ocrx_word' id='word_1_109' title='bbox 1115 2386 1219 2452; x_wconf 88' lang='lat' dir='ltr'>scribo</span> <span class='ocrx_word' id='word_1_110' title='bbox 1234 2409 1306 2452; x_wconf 89' lang='lat' dir='ltr'>oum</span> <span class='ocrx_word' id='word_1_111' title='bbox 1325 2396 1397 2472; x_wconf 88' lang='lat' dir='ltr'>post</span> <span class='ocrx_word' id='word_1_112' title='bbox 1411 2386 1531 2472; x_wconf 90' lang='lat' dir='ltr'>Diony·</span> 
     </span>
     <span class='ocr_line' id='line_1_14' title="bbox 427 2488 1534 2576; baseline 0 -21"><span class='ocrx_word' id='word_1_113' title='bbox 427 2489 512 2555; x_wconf 75' lang='lat' dir='ltr'>sium</span> <span class='ocrx_word' id='word_1_114' title='bbox 535 2488 612 2554; x_wconf 78' lang='lat' dir='ltr'>Hal.</span> <span class='ocrx_word' id='word_1_115' title='bbox 630 2490 734 2575; x_wconf 75' lang='lat' dir='ltr'>Antiq.</span> <span class='ocrx_word' id='word_1_116' title='bbox 758 2489 810 2554; x_wconf 90' lang='lat' dir='ltr'>lib.</span> <span class='ocrx_word' id='word_1_117' title='bbox 835 2492 863 2555; x_wconf 92' lang='lat' dir='ltr'>l.</span> <span class='ocrx_word' id='word_1_118' title='bbox 887 2513 917 2576; x_wconf 89' lang='lat' dir='ltr'>p.</span> <span class='ocrx_word' id='word_1_119' title='bbox 940 2511 989 2555; x_wconf 83' lang='lat'>11.</span> <span class='ocrx_word' id='word_1_120' title='bbox 1012 2492 1062 2556; x_wconf 88' lang='lat' dir='ltr'>ed.</span> <span class='ocrx_word' id='word_1_121' title='bbox 1084 2491 1124 2555; x_wconf 85' lang='lat' dir='ltr'>R.</span> <span class='ocrx_word' id='word_1_122' title='bbox 1143 2490 1254 2576; x_wconf 82' lang='lat' dir='ltr'>steph.</span> <span class='ocrx_word' id='word_1_123' title='bbox 1275 2490 1328 2554; x_wconf 89' lang='lat' dir='ltr'>ubi</span> <span class='ocrx_word' id='word_1_124' title='bbox 1353 2498 1438 2556; x_wconf 80' lang='grc' dir='ltr'>πῖκος</span> <span class='ocrx_word' id='word_1_125' title='bbox 1464 2490 1534 2555; x_wconf 79' lang='lat' dir='ltr'>avis</span> 
     </span>
     <span class='ocr_line' id='line_1_15' title="bbox 427 2591 1533 2678; baseline -0.003 -20"><span class='ocrx_word' id='word_1_126' title='bbox 427 2599 706 2670; x_wconf 74' lang='lat' dir='ltr'>commemoratur,</span> <span class='ocrx_word' id='word_1_127' title='bbox 722 2599 791 2657; x_wconf 89' lang='lat' dir='ltr'>tum</span> <span class='ocrx_word' id='word_1_128' title='bbox 811 2604 885 2678; x_wconf 91' lang='lat' dir='ltr'>post</span> <span class='ocrx_word' id='word_1_129' title='bbox 900 2594 1088 2660; x_wconf 83' lang='lat' dir='ltr'>Oedrenum.</span> <span class='ocrx_word' id='word_1_130' title='bbox 1133 2593 1291 2678; x_wconf 83' lang='lat' dir='ltr'>Oorrupte</span> <span class='ocrx_word' id='word_1_131' title='bbox 1311 2591 1394 2656; x_wconf 90' lang='lat' dir='ltr'>enim</span> <span class='ocrx_word' id='word_1_132' title='bbox 1413 2591 1533 2677; x_wconf 80' lang='lat' dir='ltr'>legitur</span> 
     </span>
     <span class='ocr_line' id='line_1_16' title="bbox 429 2692 1529 2780; baseline 0.001 -23"><span class='ocrx_word' id='word_1_133' title='bbox 429 2698 536 2773; x_wconf 79' lang='grc' dir='ltr'>Πῆκον</span> <span class='ocrx_word' id='word_1_134' title='bbox 550 2692 583 2758; x_wconf 90' lang='lat' dir='ltr'>in</span> <span class='ocrx_word' id='word_1_135' title='bbox 597 2694 658 2758; x_wconf 87' lang='lat' dir='ltr'>hae</span> <span class='ocrx_word' id='word_1_136' title='bbox 670 2694 834 2778; x_wconf 90' lang='lat' dir='ltr'>Symeonis</span> <span class='ocrx_word' id='word_1_137' title='bbox 848 2694 943 2776; x_wconf 78' lang='grc' dir='ltr'>ῥήσει,</span> <span class='ocrx_word' id='word_1_138' title='bbox 957 2695 1093 2780; x_wconf 85' lang='lat' dir='ltr'>olimque</span> <span class='ocrx_word' id='word_1_139' title='bbox 1108 2694 1155 2759; x_wconf 88' lang='lat' dir='ltr'>ita</span> <span class='ocrx_word' id='word_1_140' title='bbox 1169 2695 1202 2758; x_wconf 92' lang='lat' dir='ltr'>in</span> <span class='ocrx_word' id='word_1_141' title='bbox 1215 2694 1363 2759; x_wconf 74' lang='lat' dir='ltr'>Chronico</span> <span class='ocrx_word' id='word_1_142' title='bbox 1371 2694 1529 2772; x_wconf 78' lang='lat' dir='ltr'>Posetali,</span> 
     </span>
     <span class='ocr_line' id='line_1_17' title="bbox 427 2795 1531 2881; baseline 0.004 -22"><span class='ocrx_word' id='word_1_143' title='bbox 427 2795 491 2859; x_wconf 86' lang='lat' dir='ltr'>etsi</span> <span class='ocrx_word' id='word_1_144' title='bbox 517 2795 677 2859; x_wconf 87' lang='lat' dir='ltr'>interdum</span> <span class='ocrx_word' id='word_1_145' title='bbox 702 2801 795 2863; x_wconf 82' lang='grc' dir='ltr'>Πῖκος</span> <span class='ocrx_word' id='word_1_146' title='bbox 820 2804 854 2860; x_wconf 89' lang='lat' dir='ltr'>et</span> <span class='ocrx_word' id='word_1_147' title='bbox 879 2800 1107 2878; x_wconf 75' lang='grc' dir='ltr'>περισπώμενον</span> <span class='ocrx_word' id='word_1_148' title='bbox 1132 2796 1176 2860; x_wconf 91' lang='lat' dir='ltr'>ibi</span> <span class='ocrx_word' id='word_1_149' title='bbox 1203 2796 1342 2881; x_wconf 86' lang='lat' dir='ltr'>positum</span> <span class='ocrx_word' id='word_1_150' title='bbox 1371 2804 1431 2873; x_wconf 87' lang='lat' dir='ltr'>est,</span> <span class='ocrx_word' id='word_1_151' title='bbox 1449 2796 1531 2864; x_wconf 85' lang='lat' dir='ltr'>sicut</span> 
     </span>
     <span class='ocr_line' id='line_1_18' title="bbox 428 2897 1376 2982; baseline 0 -22"><span class='ocrx_word' id='word_1_152' title='bbox 428 2917 556 2982; x_wconf 77' lang='lat' dir='ltr'>semper</span> <span class='ocrx_word' id='word_1_153' title='bbox 569 2899 655 2981; x_wconf 87' lang='lat' dir='ltr'>apud</span> <span class='ocrx_word' id='word_1_154' title='bbox 670 2897 857 2961; x_wconf 73' lang='lat' dir='ltr'>cedrenum.</span> <span class='ocrx_word' id='word_1_155' title='bbox 904 2897 949 2962; x_wconf 88' lang='lat' dir='ltr'>Et</span> <span class='ocrx_word' id='word_1_156' title='bbox 964 2897 1062 2962; x_wconf 75' lang='lat' dir='ltr'>Picus</span> <span class='ocrx_word' id='word_1_157' title='bbox 1077 2899 1193 2963; x_wconf 85' lang='lat' dir='ltr'>Latine</span> <span class='ocrx_word' id='word_1_158' title='bbox 1208 2898 1376 2971; x_wconf 84' lang='lat' dir='ltr'>scribitur;</span> 
     </span>
    </p>

    <p class='ocr_par' dir='ltr' id='par_1_5' title="bbox 560 2999 1243 3086">
     <span class='ocr_line' id='line_1_19' title="bbox 560 2999 1243 3086; baseline 0.001 -24"><span class='ocrx_word' id='word_1_159' title='bbox 560 3000 756 3062; x_wconf 77' lang='lat' dir='ltr'>—Faamo</span> <span class='ocrx_word' id='word_1_160' title='bbox 771 2999 868 3062; x_wconf 72' lang='lat' dir='ltr'>Piero</span> <span class='ocrx_word' id='word_1_161' title='bbox 874 3010 978 3084; x_wconf 79' lang='lat' dir='ltr'>potor,</span> <span class='ocrx_word' id='word_1_162' title='bbox 994 3000 1077 3085; x_wconf 76' lang='grc' dir='ltr'>ιὀροο</span> <span class='ocrx_word' id='word_1_163' title='bbox 1084 3009 1243 3086; x_wconf 65' lang='lat' dir='ltr'>peroratam</span> 
     </span>
    </p>

    <p class='ocr_par' dir='ltr' id='par_1_6' title="bbox 566 3101 1378 3187">
     <span class='ocr_line' id='line_1_20' title="bbox 566 3101 1378 3187; baseline 0.002 -24"><span class='ocrx_word' id='word_1_164' title='bbox 566 3101 615 3178; x_wconf 82' lang='grc' dir='ltr'>Τι,</span> <span class='ocrx_word' id='word_1_165' title='bbox 631 3102 775 3178; x_wconf 67' lang='lat' dir='ltr'>Sarmata</span> <span class='ocrx_word' id='word_1_166' title='bbox 789 3102 892 3185; x_wconf 70' lang='lat' dir='ltr'>rosen,</span> <span class='ocrx_word' id='word_1_167' title='bbox 907 3111 941 3165; x_wconf 82' lang='lat' dir='ltr'>ta</span> <span class='ocrx_word' id='word_1_168' title='bbox 953 3103 1113 3187; x_wconf 77' lang='grc' dir='ltr'>οσορυίυίι</span> <span class='ocrx_word' id='word_1_169' title='bbox 1126 3101 1250 3167; x_wconf 71' lang='lat' dir='ltr'>ultimus</span> <span class='ocrx_word' id='word_1_170' title='bbox 1263 3111 1378 3166; x_wconf 77' lang='grc' dir='ltr'>ουονον.</span> 
     </span>
    </p>

    <p class='ocr_par' dir='ltr' id='par_1_7' title="bbox 475 3203 1532 3393">
     <span class='ocr_line' id='line_1_21' title="bbox 1155 3203 1487 3291; baseline -0.003 -23"><span class='ocrx_word' id='word_1_171' title='bbox 1155 3205 1248 3291; x_wconf 81' lang='lat' dir='ltr'>Virg.</span> <span class='ocrx_word' id='word_1_172' title='bbox 1264 3206 1346 3269; x_wconf 79' lang='lat' dir='ltr'>AE&#39;n.</span> <span class='ocrx_word' id='word_1_173' title='bbox 1363 3203 1414 3268; x_wconf 85' lang='lat' dir='ltr'>vii.</span> <span class='ocrx_word' id='word_1_174' title='bbox 1432 3205 1487 3283; x_wconf 86' lang='lat'>48.</span> 
     </span>
     <span class='ocr_line' id='line_1_22' title="bbox 475 3305 1532 3393; baseline 0.002 -24"><span class='ocrx_word' id='word_1_175' title='bbox 475 3305 560 3370; x_wconf 90' lang='lat' dir='ltr'>lbid.</span> <span class='ocrx_word' id='word_1_176' title='bbox 577 3306 598 3369; x_wconf 93' lang='lat' dir='ltr'>l.</span> <span class='ocrx_word' id='word_1_177' title='bbox 613 3327 645 3393; x_wconf 81' lang='lat'>3.</span> <span class='ocrx_word' id='word_1_178' title='bbox 662 3308 736 3391; x_wconf 77' lang='grc' dir='ltr'>ἔσχε</span> <span class='ocrx_word' id='word_1_179' title='bbox 751 3310 784 3373; x_wconf 69' lang='lat' dir='ltr'>bl</span> <span class='ocrx_word' id='word_1_180' title='bbox 801 3310 915 3389; x_wconf 76' lang='grc' dir='ltr'>Κρόνος</span> <span class='ocrx_word' id='word_1_181' title='bbox 930 3308 977 3371; x_wconf 86' lang='grc' dir='ltr'>καὶ</span> <span class='ocrx_word' id='word_1_182' title='bbox 996 3308 1113 3389; x_wconf 76' lang='grc' dir='ltr'>ἑτέρους</span> <span class='ocrx_word' id='word_1_183' title='bbox 1133 3309 1184 3372; x_wconf 77' lang='grc' dir='ltr'>δύο</span> <span class='ocrx_word' id='word_1_184' title='bbox 1203 3308 1278 3391; x_wconf 85' lang='lat' dir='ltr'>&amp;o.]</span> <span class='ocrx_word' id='word_1_185' title='bbox 1295 3306 1457 3371; x_wconf 85' lang='lat' dir='ltr'>(ledreuus</span> <span class='ocrx_word' id='word_1_186' title='bbox 1477 3307 1532 3391; x_wconf 84' lang='lat' dir='ltr'>qui</span> 
     </span>
    </p>

    <p class='ocr_par' dir='ltr' id='par_1_8' title="bbox 424 3407 1534 3797">
     <span class='ocr_line' id='line_1_23' title="bbox 430 3407 1533 3491; baseline 0.001 -19"><span class='ocrx_word' id='word_1_187' title='bbox 430 3408 546 3472; x_wconf 89' lang='lat' dir='ltr'>Belum</span> <span class='ocrx_word' id='word_1_188' title='bbox 562 3407 692 3473; x_wconf 89' lang='lat' dir='ltr'>Saturni</span> <span class='ocrx_word' id='word_1_189' title='bbox 707 3410 806 3474; x_wconf 87' lang='lat' dir='ltr'>lilium</span> <span class='ocrx_word' id='word_1_190' title='bbox 821 3409 977 3474; x_wconf 85' lang='lat' dir='ltr'>retulerat</span> <span class='ocrx_word' id='word_1_191' title='bbox 991 3410 1098 3486; x_wconf 85' lang='lat' dir='ltr'>fuisse,</span> <span class='ocrx_word' id='word_1_192' title='bbox 1110 3410 1178 3474; x_wconf 86' lang='lat' dir='ltr'>haee</span> <span class='ocrx_word' id='word_1_193' title='bbox 1192 3410 1310 3485; x_wconf 83' lang='lat' dir='ltr'>habet3</span> <span class='ocrx_word' id='word_1_194' title='bbox 1333 3410 1372 3475; x_wconf 82' lang='grc' dir='ltr'>ὣς</span> <span class='ocrx_word' id='word_1_195' title='bbox 1387 3410 1533 3491; x_wconf 77' lang='grc' dir='ltr'>δὲἈφρι-</span> 
     </span>
     <span class='ocr_line' id='line_1_24' title="bbox 430 3509 1534 3594; baseline 0 -19"><span class='ocrx_word' id='word_1_196' title='bbox 430 3513 522 3578; x_wconf 76' lang='grc' dir='ltr'>κυνός</span> <span class='ocrx_word' id='word_1_197' title='bbox 543 3520 629 3592; x_wconf 83' lang='grc' dir='ltr'>φησι,</span> <span class='ocrx_word' id='word_1_198' title='bbox 651 3513 700 3575; x_wconf 80' lang='grc' dir='ltr'>καὶ</span> <span class='ocrx_word' id='word_1_199' title='bbox 722 3514 825 3593; x_wconf 76' lang='grc' dir='ltr'>ἕτερον</span> <span class='ocrx_word' id='word_1_200' title='bbox 846 3513 911 3576; x_wconf 82' lang='grc' dir='ltr'>υἱὸν</span> <span class='ocrx_word' id='word_1_201' title='bbox 934 3512 1027 3594; x_wconf 82' lang='grc' dir='ltr'>ἔσχεν</span> <span class='ocrx_word' id='word_1_202' title='bbox 1049 3514 1066 3574; x_wconf 85' lang='grc' dir='ltr'><strong><em>ὁ</em></strong></span> <span class='ocrx_word' id='word_1_203' title='bbox 1091 3515 1204 3593; x_wconf 81' lang='grc' dir='ltr'>Κρόνος</span> <span class='ocrx_word' id='word_1_204' title='bbox 1229 3509 1423 3592; x_wconf 82' lang='grc' dir='ltr'>τὸνἈφρον,</span> <span class='ocrx_word' id='word_1_205' title='bbox 1440 3509 1476 3588; x_wconf 74' lang='grc' dir='ltr'>ἐξ</span> <span class='ocrx_word' id='word_1_206' title='bbox 1497 3512 1534 3575; x_wconf 71' lang='grc' dir='ltr'>οὗ</span> 
     </span>
     <span class='ocr_line' id='line_1_25' title="bbox 424 3610 1533 3696; baseline 0.001 -21"><span class='ocrx_word' id='word_1_207' title='bbox 424 3610 549 3693; x_wconf 85' lang='grc' dir='ltr'>Ἀφροι,</span> <span class='ocrx_word' id='word_1_208' title='bbox 565 3612 599 3678; x_wconf 79' lang='grc' dir='ltr'>ὃς</span> <span class='ocrx_word' id='word_1_209' title='bbox 612 3611 709 3694; x_wconf 78' lang='grc' dir='ltr'>γήμας</span> <span class='ocrx_word' id='word_1_210' title='bbox 721 3611 912 3691; x_wconf 76' lang='grc' dir='ltr'>Ἀστυνόμην</span> <span class='ocrx_word' id='word_1_211' title='bbox 930 3614 1054 3691; x_wconf 76' lang='grc' dir='ltr'>ἐποίησε</span> <span class='ocrx_word' id='word_1_212' title='bbox 1070 3614 1126 3677; x_wconf 77' lang='lat' dir='ltr'>&amp;o</span> <span class='ocrx_word' id='word_1_213' title='bbox 1141 3620 1239 3696; x_wconf 87' lang='lat' dir='ltr'>atque</span> <span class='ocrx_word' id='word_1_214' title='bbox 1259 3612 1304 3675; x_wconf 88' lang='lat' dir='ltr'>sio</span> <span class='ocrx_word' id='word_1_215' title='bbox 1323 3611 1470 3695; x_wconf 78' lang='lat' dir='ltr'>deinceps</span> <span class='ocrx_word' id='word_1_216' title='bbox 1490 3612 1533 3676; x_wconf 84' lang='lat' dir='ltr'>od</span> 
     </span>
     <span class='ocr_line' id='line_1_26' title="bbox 430 3714 844 3797; baseline 0.002 -22"><span class='ocrx_word' id='word_1_217' title='bbox 430 3734 532 3797; x_wconf 86' lang='lat' dir='ltr'>usque</span> <span class='ocrx_word' id='word_1_218' title='bbox 549 3714 642 3777; x_wconf 86' lang='lat' dir='ltr'>finem</span> <span class='ocrx_word' id='word_1_219' title='bbox 656 3718 707 3791; x_wconf 83' lang='grc' dir='ltr'>τῆς</span> <span class='ocrx_word' id='word_1_220' title='bbox 720 3714 844 3794; x_wconf 80' lang='grc' dir='ltr'>ρήσεως.</span> 
     </span>
    </p>

    <p class='ocr_par' dir='ltr' id='par_1_9' title="bbox 476 3812 1477 3900">
     <span class='ocr_line' id='line_1_27' title="bbox 476 3812 1477 3900; baseline -0.004 -23"><span class='ocrx_word' id='word_1_221' title='bbox 476 3814 561 3877; x_wconf 88' lang='lat' dir='ltr'>lbid.</span> <span class='ocrx_word' id='word_1_222' title='bbox 577 3814 598 3877; x_wconf 99' lang='lat' dir='ltr'>l.</span> <span class='ocrx_word' id='word_1_223' title='bbox 616 3831 646 3896; x_wconf 89' lang='lat'>7.</span> <span class='ocrx_word' id='word_1_224' title='bbox 661 3818 769 3879; x_wconf 83' lang='grc' dir='ltr'>κοτίων</span> <span class='ocrx_word' id='word_1_225' title='bbox 785 3818 820 3877; x_wconf 77' lang='grc' dir='ltr'>ἐν</span> <span class='ocrx_word' id='word_1_226' title='bbox 834 3816 868 3894; x_wconf 76' lang='grc' dir='ltr'>τῇ</span> <span class='ocrx_word' id='word_1_227' title='bbox 884 3813 984 3899; x_wconf 79' lang='grc' dir='ltr'>δύσει]</span> <span class='ocrx_word' id='word_1_228' title='bbox 1002 3815 1155 3877; x_wconf 79' lang='grc' dir='ltr'>κατελθὼν</span> <span class='ocrx_word' id='word_1_229' title='bbox 1170 3816 1204 3877; x_wconf 80' lang='grc' dir='ltr'>ἐν</span> <span class='ocrx_word' id='word_1_230' title='bbox 1218 3818 1254 3900; x_wconf 75' lang='grc' dir='ltr'>τῇ</span> <span class='ocrx_word' id='word_1_231' title='bbox 1269 3818 1294 3876; x_wconf 87' lang='lat' dir='ltr'>b.</span> <span class='ocrx_word' id='word_1_232' title='bbox 1313 3812 1477 3877; x_wconf 72' lang='lat' dir='ltr'>Cedrento.</span> 
     </span>
    </p>

    <p class='ocr_par' dir='ltr' id='par_1_10' title="bbox 429 3913 1534 4098">
     <span class='ocr_line' id='line_1_28' title="bbox 476 3913 1534 4004; baseline 0 -24"><span class='ocrx_word' id='word_1_233' title='bbox 476 3916 561 3980; x_wconf 92' lang='lat' dir='ltr'>lbid.</span> <span class='ocrx_word' id='word_1_234' title='bbox 577 3917 597 3979; x_wconf 96' lang='lat' dir='ltr'>l.</span> <span class='ocrx_word' id='word_1_235' title='bbox 618 3936 665 3980; x_wconf 90' lang='grc'>11.</span> <span class='ocrx_word' id='word_1_236' title='bbox 682 3920 766 4004; x_wconf 61' lang='lat' dir='ltr'>loq]</span> <span class='ocrx_word' id='word_1_237' title='bbox 783 3916 894 4001; x_wconf 80' lang='grc' dir='ltr'>Κρήτῃ]</span> <span class='ocrx_word' id='word_1_238' title='bbox 914 3917 1036 3980; x_wconf 87' lang='lat' dir='ltr'>Addidi</span> <span class='ocrx_word' id='word_1_239' title='bbox 1051 3916 1221 3981; x_wconf 89' lang='lat' dir='ltr'>articulum</span> <span class='ocrx_word' id='word_1_240' title='bbox 1236 3936 1276 3978; x_wconf 85' lang='lat' dir='ltr'>ex</span> <span class='ocrx_word' id='word_1_241' title='bbox 1293 3913 1439 3991; x_wconf 73' lang='lat' dir='ltr'>Calrcao,</span> <span class='ocrx_word' id='word_1_242' title='bbox 1451 3915 1534 3980; x_wconf 80' lang='lat' dir='ltr'>siout</span> 
     </span>
     <span class='ocr_line' id='line_1_29' title="bbox 429 4016 834 4098; baseline -0.007 -16"><span class='ocrx_word' id='word_1_243' title='bbox 429 4018 463 4082; x_wconf 86' lang='lat' dir='ltr'>iu</span> <span class='ocrx_word' id='word_1_244' title='bbox 478 4017 500 4081; x_wconf 94' lang='lat' dir='ltr'>l.</span> <span class='ocrx_word' id='word_1_245' title='bbox 516 4020 547 4080; x_wconf 88' lang='grc'>8.</span> <span class='ocrx_word' id='word_1_246' title='bbox 562 4026 639 4082; x_wconf 83' lang='lat' dir='ltr'>unte</span> <span class='ocrx_word' id='word_1_247' title='bbox 653 4016 834 4098; x_wconf 86' lang='grc' dir='ltr'>Ἀσσυρίων.</span> 
     </span>
    </p>

    <p class='ocr_par' dir='ltr' id='par_1_11' title="bbox 428 4114 1539 5222">
     <span class='ocr_line' id='line_1_30' title="bbox 476 4114 1536 4205; baseline -0.002 -24"><span class='ocrx_word' id='word_1_248' title='bbox 476 4118 560 4183; x_wconf 90' lang='lat' dir='ltr'>lbid.</span> <span class='ocrx_word' id='word_1_249' title='bbox 576 4118 597 4183; x_wconf 95' lang='lat' dir='ltr'>l.</span> <span class='ocrx_word' id='word_1_250' title='bbox 617 4138 666 4183; x_wconf 86' lang='lat'>12.</span> <span class='ocrx_word' id='word_1_251' title='bbox 682 4123 812 4199; x_wconf 84' lang='grc' dir='ltr'>Θοῦρος,</span> <span class='ocrx_word' id='word_1_252' title='bbox 828 4121 845 4181; x_wconf 85' lang='grc' dir='ltr'>ὁ</span> <span class='ocrx_word' id='word_1_253' title='bbox 862 4117 1028 4205; x_wconf 78' lang='grc' dir='ltr'>κοίἈρης]</span> <span class='ocrx_word' id='word_1_254' title='bbox 1044 4120 1181 4200; x_wconf 73' lang='grc' dir='ltr'>Θούρρος</span> <span class='ocrx_word' id='word_1_255' title='bbox 1200 4138 1315 4182; x_wconf 85' lang='lat' dir='ltr'>nomen</span> <span class='ocrx_word' id='word_1_256' title='bbox 1335 4114 1484 4180; x_wconf 85' lang='lat' dir='ltr'>scribitur</span> <span class='ocrx_word' id='word_1_257' title='bbox 1502 4115 1536 4179; x_wconf 91' lang='lat' dir='ltr'>in</span> 
     </span>
     <span class='ocr_line' id='line_1_31' title="bbox 432 4217 1537 4302; baseline -0.005 -16"><span class='ocrx_word' id='word_1_258' title='bbox 432 4220 544 4286; x_wconf 66' lang='lat' dir='ltr'>ouon.</span> <span class='ocrx_word' id='word_1_259' title='bbox 559 4219 700 4283; x_wconf 73' lang='lat' dir='ltr'>Paraloi.</span> <span class='ocrx_word' id='word_1_260' title='bbox 719 4225 837 4302; x_wconf 85' lang='grc' dir='ltr'>Θοΰρος</span> <span class='ocrx_word' id='word_1_261' title='bbox 850 4220 948 4285; x_wconf 89' lang='lat' dir='ltr'>habet</span> <span class='ocrx_word' id='word_1_262' title='bbox 965 4220 1128 4285; x_wconf 74' lang='lat' dir='ltr'>Oedrenoa.</span> <span class='ocrx_word' id='word_1_263' title='bbox 1144 4225 1249 4301; x_wconf 82' lang='grc' dir='ltr'>θοῦρος</span> <span class='ocrx_word' id='word_1_264' title='bbox 1259 4218 1353 4300; x_wconf 80' lang='grc' dir='ltr'>Ἀρης</span> <span class='ocrx_word' id='word_1_265' title='bbox 1367 4218 1453 4302; x_wconf 87' lang='lat' dir='ltr'>apud</span> <span class='ocrx_word' id='word_1_266' title='bbox 1469 4217 1537 4282; x_wconf 93' lang='lat' dir='ltr'>Ho-</span> 
     </span>
     <span class='ocr_line' id='line_1_32' title="bbox 428 4320 1538 4406; baseline 0.001 -21"><span class='ocrx_word' id='word_1_267' title='bbox 428 4342 554 4385; x_wconf 89' lang='lat' dir='ltr'>merum</span> <span class='ocrx_word' id='word_1_268' title='bbox 569 4321 752 4405; x_wconf 80' lang='lat' dir='ltr'>frequenter</span> <span class='ocrx_word' id='word_1_269' title='bbox 766 4322 906 4406; x_wconf 88' lang='lat' dir='ltr'>positum</span> <span class='ocrx_word' id='word_1_270' title='bbox 923 4329 982 4397; x_wconf 89' lang='lat' dir='ltr'>est,</span> <span class='ocrx_word' id='word_1_271' title='bbox 999 4324 1115 4402; x_wconf 82' lang='grc' dir='ltr'>θούριος</span> <span class='ocrx_word' id='word_1_272' title='bbox 1125 4320 1220 4402; x_wconf 67' lang='lat' dir='ltr'>&#39;Aper</span> <span class='ocrx_word' id='word_1_273' title='bbox 1235 4320 1384 4406; x_wconf 83' lang='lat' dir='ltr'>Sophocli</span> <span class='ocrx_word' id='word_1_274' title='bbox 1404 4320 1538 4406; x_wconf 84' lang='lat' dir='ltr'>aliisque</span> 
     </span>
     <span class='ocr_line' id='line_1_33' title="bbox 429 4421 1538 4507; baseline -0.002 -20"><span class='ocrx_word' id='word_1_275' title='bbox 429 4422 580 4487; x_wconf 85' lang='lat' dir='ltr'>solennis.</span> <span class='ocrx_word' id='word_1_276' title='bbox 626 4425 747 4503; x_wconf 73' lang='grc' dir='ltr'>Θούρος</span> <span class='ocrx_word' id='word_1_277' title='bbox 772 4423 909 4507; x_wconf 88' lang='lat' dir='ltr'>denique</span> <span class='ocrx_word' id='word_1_278' title='bbox 933 4445 1007 4487; x_wconf 91' lang='lat' dir='ltr'>cum</span> <span class='ocrx_word' id='word_1_279' title='bbox 1032 4421 1165 4507; x_wconf 88' lang='lat' dir='ltr'>simplici</span> <span class='ocrx_word' id='word_1_280' title='bbox 1183 4449 1210 4504; x_wconf 89' lang='grc' dir='ltr'>ρ,</span> <span class='ocrx_word' id='word_1_281' title='bbox 1230 4433 1264 4488; x_wconf 89' lang='lat' dir='ltr'>et</span> <span class='ocrx_word' id='word_1_282' title='bbox 1290 4430 1538 4507; x_wconf 87' lang='lat' dir='ltr'>paroxytonum‚</span> 
     </span>
     <span class='ocr_line' id='line_1_34' title="bbox 429 4524 1539 4610; baseline -0.001 -20"><span class='ocrx_word' id='word_1_283' title='bbox 429 4525 549 4590; x_wconf 83' lang='lat' dir='ltr'>Suidas</span> <span class='ocrx_word' id='word_1_284' title='bbox 572 4524 605 4587; x_wconf 91' lang='lat' dir='ltr'>iu</span> <span class='ocrx_word' id='word_1_285' title='bbox 622 4546 700 4600; x_wconf 77' lang='lat' dir='ltr'>voce,</span> <span class='ocrx_word' id='word_1_286' title='bbox 722 4525 786 4608; x_wconf 91' lang='lat' dir='ltr'>qui,</span> <span class='ocrx_word' id='word_1_287' title='bbox 807 4525 939 4610; x_wconf 91' lang='lat' dir='ltr'>perinde</span> <span class='ocrx_word' id='word_1_288' title='bbox 960 4533 1058 4610; x_wconf 90' lang='lat' dir='ltr'>atque</span> <span class='ocrx_word' id='word_1_289' title='bbox 1081 4534 1195 4589; x_wconf 89' lang='lat' dir='ltr'>auctor</span> <span class='ocrx_word' id='word_1_290' title='bbox 1220 4525 1382 4589; x_wconf 75' lang='lat' dir='ltr'>Brccioni</span> <span class='ocrx_word' id='word_1_291' title='bbox 1408 4524 1539 4589; x_wconf 76' lang='grc' dir='ltr'>θίνοοο-</span> 
     </span>
     <span class='ocr_line' id='line_1_35' title="bbox 430 4625 1537 4713; baseline 0.002 -24"><span class='ocrx_word' id='word_1_292' title='bbox 430 4628 522 4713; x_wconf 73' lang='grc' dir='ltr'>ἱορίοι·</span> <span class='ocrx_word' id='word_1_293' title='bbox 542 4626 614 4691; x_wconf 90' lang='lat' dir='ltr'>MS.</span> <span class='ocrx_word' id='word_1_294' title='bbox 631 4625 817 4690; x_wconf 87' lang='lat' dir='ltr'>Barocciani</span> <span class='ocrx_word' id='word_1_295' title='bbox 839 4649 860 4690; x_wconf 86' lang='grc' dir='ltr'>ο</span> <span class='ocrx_word' id='word_1_296' title='bbox 877 4629 1005 4691; x_wconf 69' lang='lat' dir='ltr'>«Ioanne</span> <span class='ocrx_word' id='word_1_297' title='bbox 1028 4626 1184 4712; x_wconf 81' lang='lat' dir='ltr'>Gregorio</span> <span class='ocrx_word' id='word_1_298' title='bbox 1201 4648 1295 4712; x_wconf 84' lang='lat' dir='ltr'>pagg.</span> <span class='ocrx_word' id='word_1_299' title='bbox 1312 4645 1384 4704; x_wconf 82' lang='lat'>222,</span> <span class='ocrx_word' id='word_1_300' title='bbox 1406 4634 1439 4690; x_wconf 89' lang='lat' dir='ltr'>et</span> <span class='ocrx_word' id='word_1_301' title='bbox 1464 4647 1537 4708; x_wconf 82' lang='lat'>229.</span> 
     </span>
     <span class='ocr_line' id='line_1_36' title="bbox 430 4727 1538 4812; baseline -0.004 -18"><span class='ocrx_word' id='word_1_302' title='bbox 430 4737 466 4794; x_wconf 88' lang='lat' dir='ltr'>et</span> <span class='ocrx_word' id='word_1_303' title='bbox 484 4728 561 4793; x_wconf 86' lang='lat' dir='ltr'>alibi</span> <span class='ocrx_word' id='word_1_304' title='bbox 578 4729 708 4812; x_wconf 77' lang='lat' dir='ltr'>Operam</span> <span class='ocrx_word' id='word_1_305' title='bbox 724 4728 786 4810; x_wconf 74' lang='grc' dir='ltr'>ορίις</span> <span class='ocrx_word' id='word_1_306' title='bbox 802 4738 1079 4805; x_wconf 89' lang='lat' dir='ltr'>commemoratus,</span> <span class='ocrx_word' id='word_1_307' title='bbox 1094 4729 1195 4793; x_wconf 87' lang='lat' dir='ltr'>tradit</span> <span class='ocrx_word' id='word_1_308' title='bbox 1210 4729 1250 4792; x_wconf 93' lang='lat' dir='ltr'>de</span> <span class='ocrx_word' id='word_1_309' title='bbox 1264 4728 1332 4792; x_wconf 88' lang='lat' dir='ltr'>viro</span> <span class='ocrx_word' id='word_1_310' title='bbox 1349 4727 1464 4792; x_wconf 91' lang='lat' dir='ltr'>similia</span> <span class='ocrx_word' id='word_1_311' title='bbox 1478 4728 1538 4791; x_wconf 88' lang='lat' dir='ltr'>illis</span> 
     </span>
     <span class='ocr_line' id='line_1_37' title="bbox 431 4828 1537 4916; baseline -0.003 -21"><span class='ocrx_word' id='word_1_312' title='bbox 431 4853 503 4916; x_wconf 83' lang='lat' dir='ltr'>quae</span> <span class='ocrx_word' id='word_1_313' title='bbox 527 4830 612 4914; x_wconf 89' lang='lat' dir='ltr'>apud</span> <span class='ocrx_word' id='word_1_314' title='bbox 634 4828 826 4905; x_wconf 87' lang='lat' dir='ltr'>Cedrenum,</span> <span class='ocrx_word' id='word_1_315' title='bbox 851 4830 1068 4915; x_wconf 88' lang='lat' dir='ltr'>Malalamque</span> <span class='ocrx_word' id='word_1_316' title='bbox 1092 4831 1125 4894; x_wconf 93' lang='lat' dir='ltr'>in</span> <span class='ocrx_word' id='word_1_317' title='bbox 1146 4830 1373 4916; x_wconf 73' lang='grc' dir='ltr'>θίνοιιορνορί.</span> <span class='ocrx_word' id='word_1_318' title='bbox 1394 4852 1466 4913; x_wconf 81' lang='lat' dir='ltr'>pag.</span> <span class='ocrx_word' id='word_1_319' title='bbox 1486 4848 1537 4912; x_wconf 88' lang='lat'>17.</span> 
     </span>
     <span class='ocr_line' id='line_1_38' title="bbox 431 4932 1537 5018; baseline -0.005 -21"><span class='ocrx_word' id='word_1_320' title='bbox 431 4941 556 4998; x_wconf 83' lang='lat' dir='ltr'>extant.</span> <span class='ocrx_word' id='word_1_321' title='bbox 604 4934 706 5012; x_wconf 80' lang='grc' dir='ltr'>Θύρος</span> <span class='ocrx_word' id='word_1_322' title='bbox 725 4953 840 4995; x_wconf 91' lang='lat' dir='ltr'>nomen</span> <span class='ocrx_word' id='word_1_323' title='bbox 860 4932 1011 4996; x_wconf 88' lang='lat' dir='ltr'>scribitur</span> <span class='ocrx_word' id='word_1_324' title='bbox 1030 4932 1062 4994; x_wconf 91' lang='lat' dir='ltr'>in</span> <span class='ocrx_word' id='word_1_325' title='bbox 1077 4932 1199 5017; x_wconf 72' lang='grc' dir='ltr'>Εοίορίο</span> <span class='ocrx_word' id='word_1_326' title='bbox 1218 4956 1248 5018; x_wconf 96' lang='lat' dir='ltr'>p.</span> <span class='ocrx_word' id='word_1_327' title='bbox 1266 4950 1327 5017; x_wconf 82' lang='lat'>235</span> <span class='ocrx_word' id='word_1_328' title='bbox 1347 4954 1368 4996; x_wconf 86' lang='lat' dir='ltr'>a</span> <span class='ocrx_word' id='word_1_329' title='bbox 1384 4932 1537 4994; x_wconf 86' lang='lat' dir='ltr'>Cramero</span> 
     </span>
     <span class='ocr_line' id='line_1_39' title="bbox 430 5031 1536 5118; baseline -0.005 -19"><span class='ocrx_word' id='word_1_330' title='bbox 430 5033 527 5099; x_wconf 86' lang='lat' dir='ltr'>editis</span> <span class='ocrx_word' id='word_1_331' title='bbox 553 5034 647 5097; x_wconf 88' lang='lat' dir='ltr'>Thor</span> <span class='ocrx_word' id='word_1_332' title='bbox 673 5032 976 5118; x_wconf 78' lang='lat' dir='ltr'>septentrionalium</span> <span class='ocrx_word' id='word_1_333' title='bbox 1002 5034 1095 5098; x_wconf 87' lang='lat' dir='ltr'>Mers</span> <span class='ocrx_word' id='word_1_334' title='bbox 1120 5042 1181 5098; x_wconf 89' lang='lat' dir='ltr'>est.</span> <span class='ocrx_word' id='word_1_335' title='bbox 1227 5033 1357 5097; x_wconf 90' lang='lat' dir='ltr'>Positus</span> <span class='ocrx_word' id='word_1_336' title='bbox 1383 5040 1433 5095; x_wconf 90' lang='lat' dir='ltr'>est</span> <span class='ocrx_word' id='word_1_337' title='bbox 1467 5031 1536 5094; x_wconf 89' lang='lat' dir='ltr'>loco</span> 
     </span>
     <span class='ocr_line' id='line_1_40' title="bbox 430 5132 1537 5222; baseline -0.004 -23"><span class='ocrx_word' id='word_1_338' title='bbox 430 5136 545 5222; x_wconf 88' lang='lat' dir='ltr'>quinto</span> <span class='ocrx_word' id='word_1_339' title='bbox 554 5158 663 5221; x_wconf 82' lang='lat' dir='ltr'>regum</span> <span class='ocrx_word' id='word_1_340' title='bbox 676 5136 879 5221; x_wconf 83' lang='lat' dir='ltr'>Assyriorum</span> <span class='ocrx_word' id='word_1_341' title='bbox 889 5136 1017 5200; x_wconf 85' lang='lat' dir='ltr'>Ariusa</span> <span class='ocrx_word' id='word_1_342' title='bbox 1027 5135 1172 5221; x_wconf 91' lang='lat' dir='ltr'>Synoello</span> <span class='ocrx_word' id='word_1_343' title='bbox 1186 5136 1299 5221; x_wconf 81' lang='lat' dir='ltr'>inpag.</span> <span class='ocrx_word' id='word_1_344' title='bbox 1314 5152 1382 5218; x_wconf 85' lang='lat'>103.</span> <span class='ocrx_word' id='word_1_345' title='bbox 1410 5132 1537 5196; x_wconf 78' lang='grc' dir='ltr'>θίνοοο-</span> 
     </span>
    </p>

    <p class='ocr_par' dir='ltr' id='par_1_12' title="bbox 477 5258 1015 5322">
     <span class='ocr_line' id='line_1_41' title="bbox 477 5258 1015 5322; baseline 0 -23"><span class='ocrx_word' id='word_1_346' title='bbox 477 5259 547 5302; x_wconf 75' lang='grc' dir='ltr'>σοι.</span> <span class='ocrx_word' id='word_1_347' title='bbox 564 5261 596 5301; x_wconf 91' lang='grc'>11.</span> <span class='ocrx_word' id='word_1_348' title='bbox 959 5258 979 5322; x_wconf 83' lang='lat'><em>3</em></span> <span class='ocrx_word' id='word_1_349' title='bbox 996 5261 1015 5299; x_wconf 89' lang='grc' dir='ltr'>ο</span> 
     </span>
    </p>
   </div>
   <div class='ocr_carea' id='block_1_3' title="bbox 0 0 1973 6467">
    <p class='ocr_par' dir='ltr' id='par_1_13' title="bbox 0 0 1973 6467">
     <span class='ocr_line' id='line_1_42' title="bbox 0 0 1973 6467; baseline 0 0"><span class='ocrx_word' id='word_1_350' title='bbox 0 0 1973 6467; x_wconf 95' lang='lat' dir='ltr'> </span> 
     </span>
    </p>
   </div>
  </div>
 </body>
</html>
