3917 6467
393 1094 395 1100 ’
426 1077 491 1138 484
796 1070 1147 1138 ANNOTATIONES

429 1242 541 1306 onibus
567 1241 770 1304 dissidentem
800 1239 925 1304 statuit.
954 1262 985 1323 p.
1007 1239 1081 1322 558.
1101 1234 1374 1324 Micropreabytwi
1394 1234 1512 1300 Baaileoe

429 1343 515 1427 typis
530 1343 670 1428 impressi
694 1360 782 1428 1550.

474 1445 509 1507 Ρ.
522 1446 628 1530 301.l.
643 1466 690 1508 ιο.
706 1449 747 1512 εἰς
762 1446 812 1522 ἔτη
825 1443 977 1527 ἑξήκοντα]
994 1441 1177 1525 legendum
1187 1441 1320 1507 videtur
1331 1444 1392 1506 εἰσὶ
1402 1464 1456 1528 pro
1469 1447 1514 1518 dr,

429 1556 525 1632 prout
549 1547 650 1610 locum
670 1547 766 1611 vertit
782 1547 1005 1630 Hieronymus.
1049 1543 1097 1608 At
1112 1565 1187 1608 vero
1206 1565 1268 1629 pro
1283 1543 1431 1607 Africani
1449 1544 1517 1607 rati·

430 1649 553 1724 onibus,
569 1650 622 1733 qui
637 1649 813 1733 Cleopatras
831 1656 966 1713 mortem
988 1644 1156 1731 contigisse
1175 1646 1296 1711 statuit
1311 1645 1438 1730 Olymp.
1454 1647 1517 1727 187.

429 1773 460 1826 4.
487 1752 518 1814 in
542 1751 636 1815 Num.
656 1775 740 1814 xmx.
758 1774 787 1836 p.
801 1755 872 1835 298.
887 1750 962 1815 anui
988 1749 1210 1814 tantummodo
1237 1747 1470 1833 quinquaginta
1490 1755 1520 1811 et

430 1863 503 1918 octo
518 1853 621 1917 exacti
638 1853 763 1916 fuerant
777 1853 962 1918 adveniente
976 1852 1102 1936 Olymp.
1118 1870 1190 1915 202.
1205 1869 1236 1914 a.
1274 1850 1357 1931 Qnae
1374 1850 1521 1933 Hierony·

431 1955 538 2019 misna
551 1964 737 2038 sequuntur,
750 1963 807 2019 aut
817 1955 955 2019 Eusebio
970 1957 1083 2019 Graeoo
1097 1952 1293 2027 exciderant,
1303 1958 1366 2016 aut
1376 1950 1522 2036 supplerit

431 2079 470 2121 ea
489 2058 528 2120 de
551 2079 608 2120 suo
632 2057 864 2141 Hieronymus;
889 2065 922 2121 et
943 2057 1004 2121 hoo
1025 2055 1151 2140 quidem
1170 2053 1376 2118 verisimilius
1395 2055 1520 2130 videtur,

432 2159 516 2242 quod
545 2158 577 2221 in
604 2167 717 2222 neutro
741 2160 869 2223 Eusebii
895 2182 1000 2244 opere.
1026 2180 1083 2222 nec
1112 2157 1144 2220 in
1167 2156 1436 2220 Demonstratioaa
1462 2156 1522 2240 ejus

430 2262 550 2345 Ενσνιρ.
568 2282 669 2345 neque
684 2262 716 2324 in
732 2263 850 2347 Ealoph
864 2262 1053 2348 Propteticia
1066 2259 1163 2323 verba
1177 2266 1305 2322 extant.

475 2363 557 2426 lbid.
573 2363 593 2426 l.
611 2384 657 2439 14.
676 2372 715 2426 ita
729 2378 758 2426 ut
772 2378 874 2425 reatum
886 2369 1020 2443 supersint
1033 2363 1111 2448 σιινιὶ]
1129 2360 1173 2423 Η.
1188 2384 1215 2425 a.
1233 2361 1396 2425 excedunt
1410 2367 1459 2425 tot
1473 2381 1522 2423 nn-

430 2465 479 2526 nis
494 2487 593 2528 anuos
608 2464 686 2528 istos
700 2485 774 2548 490,
791 2463 845 2550 qui
862 2479 902 2543 70
917 2464 1122 2527 hebdomadis
1138 2463 1356 2547 assignantur.

475 2566 556 2629 lbid.
572 2566 659 2650 l.‚16.
677 2568 725 2630 ἐπὶ
747 2568 891 2650 Χριστοῦ]
921 2568 975 2630 lta
996 2568 1161 2630 emendate
1186 2564 1316 2629 Eaaedii
1337 2565 1438 2629 MSS.
1456 2563 1521 2627 Ocu.

430 2668 466 2731 S.
482 2668 575 2731 Joan.
596 2668 689 2732 Orac.
706 2677 739 2732 at
756 2666 881 2731 Vindod.
897 2689 954 2751 pro
970 2670 1018 2730 ἐπὶ
1033 2667 1165 2748 Χριστὸν
1179 2668 1264 2750 quod
1281 2667 1355 2730 odd.
1370 2667 1521 2731 exhibent.

431 2768 523 2833 Nunc
538 2771 677 2835 correxit
692 2770 788 2834 verba
802 2769 987 2833 Dindorlius
1001 2770 1085 2855 apud
1101 2768 1290 2853 Syncellum.

474 2871 558 2935 Ibid.
575 2877 648 2936 κατῖι
664 2873 731 2939 τοὺς
739 2870 890 2935 Ἰουδαίων
904 2873 1069 2958 ἀριθμούς]
1082 2870 1192 2935 Vertit
1205 2869 1433 2954 Hieronymus,
1435 2870 1521 2954 jutta

430 2973 569 3036 latrarem
585 2972 796 3036 Hebraeorum
810 2972 1059 3056 amputationem,
1074 2970 1128 3055 qai
1143 2990 1253 3033 moraes
1273 2969 1438 3053 conjecto
1450 2967 1521 3044 solia

430 3073 484 3136 sed
492 3074 589 3155 sacta
611 3072 692 3136 laaae
713 3095 833 3136 musam
855 3082 1025 3136 amarant.
1069 3073 1188 3136 Decem
1213 3079 1325 3135 autem
1349 3071 1522 3154 verbaque

431 3182 607 3258 sequuntur
639 3175 681 3238 ad
717 3173 879 3238 Neemiam
915 3173 1104 3258 spectantia,
1130 3172 1270 3259 neglexit
1299 3174 1422 3237 addere
1452 3172 1523 3236 Hie·

431 3298 589 3358 ronymus.

477 3379 557 3440 lbid.
573 3378 593 3441 l.
610 3381 658 3441 18.
675 3377 928 3459 ἆνοικοδομήσων]
949 3377 1111 3440 Variatum
1127 3377 1177 3440 hic
1197 3384 1266 3450 ast3
1290 3378 1460 3454 ἀνοικήσων
1480 3376 1523 3440 vel

431 3483 589 3544 ἀνοικίσων
602 3479 730 3542 Eusebii
740 3479 841 3562 Ειῖαρ.
854 3479 993 3562 Propdet.
1003 3480 1046 3541 M
1046 3481 1078 3542 S.
1090 3479 1119 3538 V
1115 3477 1212 3541 indat.
1224 3478 1422 3562 Syrmdiqus
1433 3479 1522 3542 MSS

432 3583 533 3644 Paris.
550 3591 583 3646 ot
599 3582 726 3658 οἰκήσων
741 3580 867 3663 Synoall.
885 3581 993 3654 editas,
1007 3581 1058 3666 qui
1075 3604 1146 3666 pag.
1156 3602 1229 3665 323.
1245 3580 1469 3666 Otrortoyrapt.
1482 3603 1523 3644 re·

431 3693 559 3767 sumptu
574 3688 608 3762 τῇ
623 3684 708 3763 ῥήσει
728 3705 748 3745 a
764 3682 866 3744 verbis
878 3681 954 3744 Ἀπὸ
975 3686 1006 3745 δὲ
1023 3683 1218 3764 Ἀρταξέρξου
1233 3683 1287 3746 lin.
1303 3702 1353 3762 17.
1370 3706 1469 3767 usque
1486 3684 1524 3747 ad

431 3787 526 3849 finem
542 3786 610 3870 ejus
625 3784 737 3868 porgit.
780 3784 842 3847 Sed
860 3787 1007 3858 ἐνοικίζων
1022 3785 1119 3848 habet
1135 3784 1284 3868 Scaliger,
1302 3785 1358 3867 qui
1373 3787 1482 3848 eadem
1496 3785 1525 3847 in

433 3889 542 3951 Chron.
559 3885 665 3949 Eused.
683 3908 754 3969 pag.
774 3903 823 3966 77.
840 3887 990 3969 reposuit.
1038 3888 1116 3949 Mox
1140 3889 1229 3949 αὐτοῦ
1250 3912 1283 3950 τε
1305 3908 1365 3971 pro
1389 3889 1524 3950 σύτοῦδὲ

431 3987 555 4052 Eirscdic'
582 3990 680 4050 MSS.
702 3987 774 4050 Ooll.
793 3990 825 4049 S.
842 3989 936 4050 doun.
954 3996 987 4051 et
1005 3987 1127 4051 Viadod.
1174 3988 1330 4052 Meudose
1351 3992 1401 4052 ἐπὶ
1420 3991 1453 4051 τὸ
1472 4011 1526 4073 pro

433 4092 491 4153 ἔτει
506 4098 539 4153 et
554 4093 665 4153 τούτων
680 4096 738 4151 τῶν
752 4092 870 4170 χρόνων
886 4089 1057 4172 syncellus.

477 4192 558 4253 lbid.
575 4191 594 4252 l.
613 4212 660 4273 19.
677 4192 765 4253 αὐτοῦ
789 4193 821 4252 δὲ
836 4189 1031 4270 Ἀρταξέρξου
1053 4193 1213 4269 βασιλείας
1234 4192 1359 4275 εἰκοστῷ
1382 4193 1455 4274 ἔτει]
1477 4191 1525 4254 Ab

432 4293 491 4354 hoc
509 4293 700 4355 Artaxerxis
715 4292 798 4375 regis
813 4313 896 4354 anno
914 4291 1130 4354 hebdomadas
1145 4292 1350 4376 septuaginta
1365 4315 1526 4356 numerare

432 4394 715 4478 pergunt,perinde
727 4402 824 4477 utque
839 4394 987 4472 irenaeus,
998 4394 1188 4457 recentiores
1200 4393 1361 4470 Ueserius,
1369 4395 1526 4469 Petavius,

433 4496 594 4578 Lloydius.
643 4496 697 4558 Sin
714 4518 784 4558 cum
803 4494 882 4571 aliis,
898 4496 983 4557 inter
1003 4518 1082 4578 quos
1104 4503 1250 4558 censetur
1265 4494 1477 4559 Prideauxius
1497 4497 1527 4558 in

431 4599 513 4660 Ilist.
534 4599 598 4660 Vct.
615 4599 659 4659 N.
682 4599 753 4660 Tcet.
775 4599 914 4660 Oonnaaa
929 4601 985 4660 bro.
1010 4599 1047 4660 P.
1064 4619 1090 4660 1.
1105 4598 1177 4660 Lib.
1193 4599 1228 4659 V.
1245 4598 1287 4659 ab
1310 4598 1454 4680 ejusdem
1469 4601 1524 4660 Ar·

430 4700 572 4762 taxerxis
589 4722 671 4762 anno
687 4700 832 4784 septime,
849 4702 975 4783 quando
993 4701 1076 4763 Ezra
1090 4723 1110 4763 a
1125 4722 1198 4783 rega
1216 4699 1331 4762 missus
1351 4709 1402 4763 est
1418 4701 1528 4763 Hiero·

430 4799 593 4882 solymam,
608 4808 731 4882 tempus
747 4807 930 4883 computare
945 4823 1003 4884 per
1017 4822 1117 4862 anuos
1131 4799 1279 4862 Julianus
1294 4800 1445 4864 malueris
1454 4825 1463 4876 ;
1485 4802 1528 4863 in-

430 4901 469 4961 de
495 4900 659 4984 colligetur
685 4902 856 4963 secundum
883 4901 1119 4986 chronologiam
1143 4902 1286 4964 Africani
1315 4902 1383 4986 ipse
1408 4925 1529 4987 quoque

430 5021 578 5064 numerus
593 5023 748 5064 annorum
760 5022 833 5083 490.
844 5001 908 5064 sive
920 5003 1152 5066 hebdomadum
1166 5019 1217 5084 70.
1230 5004 1381 5088 adusque
1398 5016 1529 5068 mortem

428 5102 546 5166 (tur-isti
557 5126 567 5178 3
589 5104 683 5166 modo
695 5111 741 5177 ut,
752 5103 933 5187 refragante
950 5105 1077 5188 quidem
1090 5104 1253 5180 Alricano‚
1266 5106 1322 5168 scd
1334 5128 1394 5191 pro
1405 5128 1528 5191 compu-
