3917 6467
528 1049 572 1117 56
889 1050 1269 1119 ANNOTATIONES

529 1225 742 1311 quadraginta
764 1225 893 1303 dicrum,
914 1226 1039 1311 premit.
1094 1227 1149 1291 Ad
1172 1225 1431 1291 consuetudinem
1453 1248 1527 1290 vero
1546 1222 1614 1310 quod

526 1328 646 1391 attinet
661 1329 976 1412 quadragesimalem,
993 1336 1166 1413 antequam
1181 1327 1325 1392 Valesius
1345 1328 1617 1405 contemtum
1673 1336 1675 1387 ἓ

528 1429 577 1493 dit
599 1429 727 1492 Potitus
748 1429 828 1492 libro
846 1431 940 1493 modo
963 1431 1104 1507 laudato,
1121 1453 1193 1516 pag.
1208 1451 1261 1514 92,
1277 1453 1340 1494 non
1361 1430 1500 1494 omaibua
1513 1430 1618 1505 diebus,

528 1531 584 1594 sed
599 1532 789 1615 quibusdam
804 1541 930 1596 tantum
946 1532 1033 1596 intra
1047 1534 1115 1596 dies
1130 1533 1199 1596 illos
1214 1533 1429 1617 qnadraginta
1446 1552 1621 1616 quacunque

527 1630 652 1694 rationo
668 1630 810 1695 homines
829 1632 1010 1716 jejunasse;
1035 1634 1152 1718 probat
1166 1635 1250 1697 enim
1264 1632 1312 1697 vir
1333 1633 1537 1696 doctissimus
1553 1632 1622 1716 jaja-

527 1731 613 1795 nium
631 1754 771 1796 servasse
787 1734 1059 1818 quadragesimale
1075 1735 1237 1798 Romanos
1252 1735 1449 1821 temporibus
1461 1732 1623 1818 Augustini

527 1857 565 1899 ac
581 1834 696 1898 Leonis
712 1835 825 1919 Magni
845 1843 912 1899 tres
934 1842 1062 1900 tantum
1082 1837 1177 1900 serias
1191 1837 1321 1921 siugulis
1343 1837 1405 1900 illis
1426 1835 1625 1900 hebdomadis

528 1937 570 2001 ad
584 1936 757 1999 maximum
778 1937 963 2021 jejunando.
1008 1938 1112 2001 Immo
1133 1934 1323 2023 Beveregius
1343 1940 1505 2002 Annotat.
1521 1937 1553 1999 in
1576 1937 1626 2000 Oa·

527 2059 615 2102 aenea
643 2042 745 2122 etpost
764 2037 839 2102 lxix.
866 2062 937 2124 pag.
953 2059 1005 2124 34.
1032 2063 1053 2104 a
1078 2041 1254 2104 Raxmxoro
1278 2041 1321 2104 ad
1346 2040 1442 2104 ima-m
1469 2062 1543 2125 pag.
1561 2057 1626 2121 247.

529 2136 658 2204 Eusebii
681 2140 730 2203 sui
750 2140 883 2224 positus,
902 2141 1027 2205 Vaiesio
1047 2143 1095 2207 ita
1109 2144 1299 2228 respondot;
1327 2152 1346 2179 “
1363 2136 1400 2206 In
1412 2143 1544 2228 jejuniis
1558 2142 1627 2206 cele

530 2251 548 2279 ‘⁶
565 2243 703 2319 brandis,
720 2244 896 2327 praesertim
915 2244 975 2307 hoc
998 2246 1149 2329 paschali,
1170 2268 1233 2308 non
1255 2246 1296 2308 ab
1317 2244 1401 2308 omni
1424 2267 1556 2330 prorsus
1575 2242 1627 2307 nli·

529 2354 550 2383 ‘⁸
563 2354 682 2423 mento,
698 2354 735 2409 nt
750 2346 862 2429 cuique
878 2354 988 2409 notum
1006 2354 1065 2424 est,
1081 2348 1135 2410 sed
1151 2370 1171 2410 a
1186 2347 1334 2411 carnibus
1349 2354 1489 2423 tantum,
1502 2344 1551 2411 vel
1565 2345 1629 2410 aliis

529 2457 549 2485 “
564 2448 699 2512 sortasse
714 2448 871 2511 nonnullis
880 2449 1022 2511 ciborum
1036 2450 1216 2534 generibus,
1230 2449 1445 2525 abstinebant,
1456 2457 1493 2512 at
1508 2447 1630 2533 reliquis

530 2559 548 2587 “
566 2550 647 2613 vesci
669 2550 794 2613 licebat.
841 2549 914 2614 Hoc
937 2551 1063 2635 egregio
1087 2552 1293 2615 confirmatur
1318 2573 1357 2615 ex
1383 2551 1506 2614 Concil.
1538 2550 1630 2614 [aad.

529 2661 551 2691 ‘⁴
568 2653 648 2715 Can.
659 2652 731 2734 507
776 2651 838 2714 Sed
862 2674 971 2716 rursus
994 2652 1166 2737 Beveregio
1190 2653 1347 2717 Thomam
1371 2652 1521 2738 Ittigium
1545 2652 1630 2715 rideo

529 2753 752 2817 inconstantiae
778 2764 888 2817 notam
915 2755 1092 2819 inurentem
1117 2756 1148 2819 in
1175 2757 1305 2820 Dium.
1329 2758 1378 2819 De
1402 2752 1630 2829 Hoerasiarchia

529 2863 605 2919 sect.
618 2855 649 2918 ii.
667 2877 736 2940 cap.
753 2875 802 2936 13.
818 2861 841 2936 5.
852 2876 882 2938 9.
918 2854 1037 2920 “Dicit
1050 2858 1175 2940 quidem
1193 2859 1382 2943 Beveregius
1396 2857 1450 2920 lib.
1463 2856 1506 2921 iii.
1523 2878 1592 2941 cap.
1604 2874 1630 2938 7.

530 2967 548 2994 ‘⁸
567 2959 642 3021 Gau.
658 2961 763 3042 Apost.
779 2981 810 3042 p.
821 2974 895 3042 397.
911 2980 975 3021 non
990 2959 1075 3022 omui
1093 2959 1164 3022 cibo
1179 2982 1235 3044 per
1249 2959 1464 3044 quadraginta
1483 2958 1555 3022 illos
1570 2957 1632 3022 dies

531 3069 550 3097 ‘⁴
565 3059 766 3123 Christianos
781 3060 984 3137 abstinuisse,
997 3062 1052 3124 sod
1062 3061 1224 3146 jejunasse
1238 3065 1491 3143 ξηροφαγοῦντας,
1505 3071 1539 3126 et
1555 3082 1632 3146 pana

530 3172 550 3198 “
566 3172 693 3226 tanturn
713 3184 783 3225 cum
807 3161 871 3224 sale
886 3171 919 3224 ct
941 3184 1025 3246 aqua
1048 3170 1182 3226 utentes.
1229 3163 1348 3226 Postea
1363 3184 1437 3225 vero
1452 3182 1571 3247 p.419.
1587 3182 1632 3224 aa·

529 3273 550 3301 ‘⁴
567 3264 646 3328 serit
668 3287 726 3349 por
747 3265 901 3349 ejusmodi
924 3265 1136 3349 xerophagias
1153 3265 1308 3349 jejunium
1324 3264 1451 3349 proprie
1466 3286 1532 3327 non
1554 3263 1629 3328 cela·

532 3374 551 3402 ‘⁴
567 3368 694 3429 bratum
717 3367 771 3429 sed
795 3369 933 3430 solutum
956 3367 1063 3451 potius
1085 3367 1193 3443 fuisse,
1207 3377 1215 3404 ⁴
1229 3368 1263 3431 Si
1286 3368 1382 3452 igitur
1402 3388 1459 3450 por
1480 3366 1632 3450 xeropha-

531 3476 551 3505 “
567 3468 652 3553 giam
665 3468 819 3552 jejunium
837 3469 974 3532 solutum
991 3469 1074 3545 fuit‚’
1090 3471 1248 3552 quomodo
1268 3492 1325 3554 per
1339 3467 1555 3553 quadraginta
1569 3468 1633 3531 dies

532 3578 550 3605 “
563 3570 650 3633 horis
659 3570 786 3633 diurnis
797 3572 919 3652 pariter
930 3577 963 3634 et
975 3572 1138 3634 nocturnis
1154 3593 1212 3655 pro
1224 3572 1274 3634 die
1286 3570 1478 3654 computatis
1489 3570 1633 3655 jejunare

531 3680 552 3708 “
567 3680 741 3757 potuerunt
762 3672 936 3736 Christiani
947 3673 975 3735 i”
1001 3675 1082 3736 Haec
1103 3672 1241 3757 Ittigius.
1288 3674 1382 3738 Certa
1402 3671 1566 3735 Valesium
1583 3671 1634 3735 vix

529 3774 635 3859 tangit
650 3773 812 3858 Bevcregii
833 3775 996 3859 responsio
1019 3798 1040 3838 a
1055 3775 1230 3859 Rcadingio
1246 3775 1355 3850 allata,
1372 3782 1405 3837 et
1423 3773 1529 3859 ipsum
1549 3772 1633 3850 illud,

528 3876 617 3939 horas
636 3877 766 3939 diurnas
780 3886 868 3961 utque
887 3887 1050 3940 nocturnos
1065 3887 1275 3961 computantes,
1291 3877 1351 3940 dici
1373 3876 1500 3939 videtur
1518 3877 1635 3939 nonde

530 3979 741 4064 xerophagiis,
755 3980 810 4042 sed
822 4001 988 4042 commune
999 3990 1048 4041 est
1059 3979 1267 4043 strictissimae
1280 3978 1390 4063 jejunii
1400 3979 1522 4053 somnae,
1531 3998 1635 4062 sapor·

522 4081 635 4165 positio
651 4090 781 4143 vocata..

575 4184 613 4247 P.
625 4204 677 4267 39.
696 4183 716 4245 l.
735 4204 779 4247 10.
804 4191 1004 4265 συμμετροΰσι
1027 4187 1080 4262 τὴν
1105 4187 1216 4265 ἡμέραν
1241 4185 1351 4268 αὐτῶν]
1377 4182 1483 4246 Miror
1503 4189 1557 4247 tot
1580 4182 1635 4245 ho·

531 4285 631 4349 mines
653 4286 803 4361 eruditos,
829 4289 881 4370 qui
905 4287 988 4351 hunc
1013 4287 1128 4350 irenaei
1155 4287 1258 4350 locum
1286 4287 1317 4349 in
1344 4286 1408 4349 suis
1430 4285 1520 4349 libris
1542 4305 1638 4368 expo-

531 4396 672 4460 suerunt,
688 4384 756 4470 ejus
772 4389 881 4452 vitium
898 4410 959 4451 non
976 4390 1246 4453 animadvertisse.
1279 4388 1357 4466 Quis
1369 4388 1451 4452 enim
1464 4395 1513 4451 est
1525 4407 1637 4451 sonum

530 4485 643 4553 horum
659 4491 844 4554 verborum?
866 4499 924 4554 aut
939 4492 1009 4575 quis
1022 4514 1160 4576 unquam
1175 4492 1286 4554 credat
1302 4491 1397 4554 fuisse
1412 4488 1566 4565 homines,
1582 4486 1637 4573 qui

532 4592 744 4676 quadraginta
759 4595 908 4657 horarum
924 4595 1029 4676 spatio
1044 4593 1127 4657 diem
1144 4594 1343 4657 metirentur.
1383 4591 1484 4674 Atqui
1499 4591 1638 4674 quadra-

531 4693 621 4776 ginta
641 4694 727 4758 home
748 4695 879 4757 biduum
895 4695 1114 4778 jejunantibus
1128 4695 1276 4758 efficiunt.
1324 4693 1479 4777 Equidem
1501 4713 1565 4754 non
1580 4693 1637 4755 du·

532 4795 610 4869 bito,
639 4796 713 4879 quin
744 4797 885 4859 Irenaeus
912 4798 958 4860 ita
988 4797 1157 4881 scripserit.
1188 4801 1216 4860 oi
1244 4800 1275 4858 δὲ
1307 4794 1531 4874 τεσσαράκοντα
1561 4796 1639 4875 ὥρας

533 4899 671 4977 ἡμερινάς
686 4923 718 4959 τε
735 4899 782 4960 καὶ
798 4902 967 4977 νυκτερινὸς
983 4904 1182 4978 σνμμετροῦσι
1198 4898 1249 4974 τὴν
1265 4900 1414 4974 νηστείαν.
1456 4896 1528 4976 Qua
1541 4895 1639 4980 sarip-

533 5008 609 5062 tnra
631 4999 707 5061 nihii
730 4999 854 5083 planius
876 5022 944 5063 esso
967 5008 1083 5084 potest.
1140 5001 1245 5079 Quare
1267 5009 1324 5062 aut
1348 4999 1489 5061 henaeus
1510 4998 1639 5061 omnino

534 5098 582 5161 ita
604 5098 739 5183 scripsit,
764 5106 821 5161 aut
848 5110 934 5162 certe
962 5099 1009 5163 ita
1034 5100 1170 5162 scribere
1197 5101 1316 5163 debuit.
1371 5099 1432 5161 Sed
1455 5100 1639 5184 antiquarii,

523 5201 688 5265 ‘vocabulo
703 5223 743 5265 ex
759 5201 920 5286 superiore
941 5201 1024 5266 linea
1044 5201 1105 5265 huc
1120 5203 1278 5266 translato
1297 5202 1399 5265 locum
1419 5210 1640 5288 corruperunt.
