3917 6467
468 1086 533 1150 asa
796 1082 1035 1166 sumnum
1061 1081 1234 1148 sanum.
1318 1102 1320 1107 ·

469 1219 541 1322 γὰρ
559 1219 695 1300 οὐδέπω
714 1221 836 1299 δέδοτο
854 1223 956 1305 ἐλπὶς
974 1219 1207 1303 ἀναστάσεως
1231 1216 1367 1326 σαφὴς,
1385 1218 1452 1318 τὴν
1473 1231 1649 1318 tul-⁶·-

470 1364 611 1434 λουσαν
647 1354 866 1454 ἐπαγγελίαν
903 1352 1102 1432 ἀναστάσει
1136 1354 1325 1450 ἐμιμοῦντο
1360 1357 1485 1457 θνητῇ,
1510 1353 1654 1432 iuffl

470 1487 699 1568 ἀνέκλειπτον
731 1487 818 1593 μένη
847 1487 890 1566 τὸ
921 1486 1034 1585 ὄνομα
1065 1495 1129 1566 τοῦ
1158 1485 1462 1595 μετηλλαχθτος.)
1495 1482 1654 1569 ἐπες

471 1624 534 1703 οὖν
561 1630 594 1702 οἱ
621 1629 665 1728 τῇ
694 1622 905 1728 γενεαλογίᾳ
932 1620 1044 1726 ταύτῃ
1073 1620 1315 1727 έμφερόμενοι,
1333 1628 1367 1702 οἱ
1400 1622 1467 1722 μέν
1496 1628 1561 1702 διε·
1590 1662 1650 1678 -

471 1757 619 1865 δέξαντο
637 1765 720 1841 παῖς
737 1757 873 1858 πατέρα
891 1758 1061 1858 γνησίως·
1091 1761 1124 1835 οἱ
1142 1756 1180 1835 δέ
1197 1756 1326 1858 ἑτέροις
1343 1755 1411 1856 μέν
1428 1755 1670 1858 έγεννὴ-ς

471 1898 600 1992 θησαν,
629 1892 757 1994 ἑτέροις
789 1891 827 1970 δέ
862 1891 1136 1993 προσετέθησαν
1168 1888 1309 1989 κλήσει·
1354 1891 1654 1997 ἀμφοτέρων-

470 2025 615 2129 γέγονεν
642 2027 664 2125 ἡ
692 2025 823 2125 μνήμη,
846 2030 905 2105 καὶ
932 2032 1005 2104 τῶν
1030 2020 1304 2126 γεγεννηκότων,
1331 2026 1391 2103 καὶ
1419 2031 1494 2105 τῶν
1522 2028 1654 2109 ὄις-.-

469 2159 744 2263 γεγεννηκότων·
785 2161 896 2243 οὕτως
927 2158 1108 2261 οὐδέτερον
1134 2164 1206 2237 τῶν
1231 2158 1450 2259 εὐαγγελίων
1474 2158 1563 2265 ψαί-
1613 2202 1651 2217 -

471 2298 578 2391 δεται,
597 2300 654 2373 καὶ
673 2294 786 2399 φύσιν
804 2296 976 2395 ἀριθμοῦν
995 2296 1053 2372 καὶ
1073 2291 1194 2391 νόμον·
1223 2293 1481 2393 συνεπεπλάκη
1498 2291 1654 2395 γὰρ.

471 2429 648 2528 ἀλλήλοις
669 2428 715 2508 τὰ
741 2429 838 2530 γένη,
858 2427 911 2523 τό,
930 2464 967 2509 τε
992 2426 1064 2507 ἀπὸ
1088 2436 1152 2507 τοῦ
1178 2434 1426 2528 Σολομῶντος,
1444 2432 1503 2508 καὶ
1526 2428 1675 2508 rin-31¹

471 2561 543 2644 ἀπὸ
581 2570 645 2642 τοῦ
679 2561 818 2659 Νάθαν,
846 2560 1093 2642 ἀναστάσεσιν
1122 2562 1287 2657 ἀτέκνων,
1314 2566 1373 2640 καὶ
1406 2567 1563 2665 δευτερο-
1580 2601 1653 2620 -

470 2699 613 2800 γαμίαις
632 2700 691 2775 καὶ
709 2695 907 2777 ἀναστάσει
925 2693 1153 2798 σπερμάτων·
1180 2700 1227 2781 ὡς
1246 2700 1386 2782 δικαίως
1405 2697 1489 2783 τοὺς
1507 2700 1656 2777 ατί-

471 2830 553 2915 τοὺς
583 2832 718 2912 ἄλλοτε
750 2832 877 2911 ἀλλων
910 2828 1125 2932 νομίζεσθαι·
1171 2836 1244 2909 τῶν
1271 2830 1337 2929 μέν
1368 2831 1657 2911 δοκούντων--ι

470 2965 643 3068 πατέρων,
662 2972 735 3045 τῶν
758 2965 796 3045 δέ
822 2963 1063 3069 ὑπαρχόντων·
1093 2968 1141 3050 ὡς
1165 2965 1370 3072 ἀμφοτέρας
1392 2966 1458 3050 τάς
1488 2971 1656 3066 διψῶ

507 3097 517 3125 Ι
702 3101 710 3123 Ι
793 3102 803 3126 2
895 3106 911 3122 Α
980 3099 998 3129 2
1112 3100 1121 3124 2
1146 3100 1158 3128 λ
1211 3096 1223 3124 λ
1273 3100 1282 3127 1
1368 3097 1379 3126 λ

470 3132 596 3201 γησεις
628 3133 754 3201 κυριως
782 3105 925 3199 αληθεις
953 3131 1075 3196 ουσας,
1102 3132 1159 3178 επι
1186 3133 1250 3178 τον
1286 3103 1416 3206 loo-pp
1447 3113 1563 3181 πολυ·
1581 3110 1675 3154 ‘¹

368 3259 382 3281 ⁶
470 3232 616 3316 πλόκως
634 3233 708 3332 μέν,
727 3234 811 3311 ἀλλ’
831 3236 987 3335 ἀκριβῶς
1004 3238 1196 3311 κατελθεῖν.

519 3368 600 3446 Ἵνα
624 3368 661 3446 δὲ
686 3366 804 3472 σαφές
827 3364 850 3470 ᾖ
876 3365 918 3445 τὸ
944 3366 1146 3468 λεγόμενον,
1164 3365 1229 3466 τὴν
1253 3368 1469 3471 ἐπαλλαγὴν
1496 3378 1565 3449 τῶν
1578 3389 1660 3421 ““’

470 3510 583 3605 γενῶν
601 3501 829 3604 διηγήσομαι.
861 3501 932 3580 ἀπὸ
947 3510 1011 3580 τοῦ
1028 3504 1150 3597 Δαβὶδ
1168 3501 1226 3580 διὰ
1245 3508 1483 3602 Σολομῶντος
1504 3504 1566 3588 τάς
1583 3522 1659 3563 ‘-

469 3637 592 3740 γενεάς
614 3637 957 3741 καταριθμουμένοις,
977 3637 1094 3740 τρίτος
1120 3636 1190 3716 ἀπὸ
1214 3637 1343 3720 τέλους
1368 3640 1565 3742 εὑρίσκεται
1611 3656 1656 3699 -“

470 3837 628 3904 lineabant,
639 3847 673 3895 ut
684 3838 793 3895 mortui
807 3858 913 3895 nomen
927 3838 992 3896 nul·
1044 3838 1201 3902 ducuntur,
1230 3837 1302 3895 adeo
1333 3838 1411 3897 inter
1442 3859 1473 3898 se
1500 3859 1565 3932 per·
1659 3838 1675 3877 ²¹

470 3917 508 3977 lis
522 3938 647 3995 unquam
659 3916 872 3975 obliterandum
881 3918 994 3976 saeculis
1043 3917 1142 3975 mixtoe
1164 3929 1241 3983 sunt,
1258 3918 1362 3996 partim
1384 3930 1566 3997 reparatione

471 4000 675 4076 permaneret.)
732 3997 877 4067 Quoniam
904 3998 993 4074 igitur
1043 3997 1168 4054 nominis
1178 4017 1277 4055 eorum
1288 3997 1337 4076 qui
1351 3999 1413 4056 sine
1424 3999 1507 4077 prole
1518 4000 1565 4058 de·

471 4097 569 4135 eornm
585 4078 634 4154 qui
654 4078 730 4135 inter
749 4077 871 4153 majores
883 4077 993 4135 Christi
1043 4076 1203 4145 cessissent,
1219 4077 1323 4155 partim
1337 4079 1473 4137 secundis
1492 4100 1565 4159 nup-

471 4169 665 4222 recensentur,
676 4156 724 4214 alii
740 4157 865 4215 naturali
872 4157 948 4233 jure,
959 4168 993 4214 ut
1043 4157 1102 4223 tiis,
1123 4157 1228 4235 partim
1253 4158 1339 4215 etism
1362 4158 1482 4218 seminis
1504 4179 1565 4218 sus-

472 4236 534 4301 filii,
569 4237 735 4311 parentibus
774 4249 993 4308 successerunt3
1044 4238 1190 4305 citatione,
1206 4248 1239 4295 ut
1261 4237 1347 4295 iidem
1368 4238 1501 4298 homines
1522 4239 1564 4297 di·

470 4316 602 4374 nonnulli
618 4337 686 4375 vero
705 4337 771 4375 eum
790 4317 826 4374 ab
844 4317 907 4374 aliis
927 4338 993 4395 pro·
1044 4338 1141 4377 versos
1168 4329 1264 4396 putres
1296 4318 1431 4376 babuisse
1461 4320 1566 4379 merito

470 4396 559 4454 creati
570 4407 675 4462 essent,
685 4396 749 4455 aliis
760 4397 895 4475 adscripti
908 4407 991 4455 sunt:
1043 4399 1216 4467 credentum
1233 4398 1286 4455 hos
1295 4397 1413 4474 quidem
1426 4399 1548 4458 liuticios
1555 4423 1565 4471 3

470 4475 537 4535 ideo
562 4488 751 4553 utrorumque
779 4477 888 4534 mentio
916 4477 993 4535 facts
1044 4477 1109 4537 illos
1131 4497 1199 4535 vero
1227 4476 1382 4536 naturales.
1426 4479 1497 4551 Quo
1522 4479 1565 4547 fit,

470 4565 524 4624 est,
539 4566 597 4614 tarn
618 4577 717 4615 eorum
736 4558 865 4633 quivere
885 4569 991 4635 patres,
1043 4568 1077 4616 ut
1098 4557 1240 4635 evangelii
1263 4557 1415 4635 utriusque
1439 4561 1566 4618 narratio

470 4655 556 4712 quam
580 4636 696 4694 illorum
721 4637 771 4773 spui
793 4638 874 4714 quasi
895 4649 992 4715 patres
1042 4639 1174 4697 absolute
1188 4638 1344 4706 verissima,
1354 4638 1435 4696 vario
1449 4641 1565 4717 quidem
1574 4643 1654 4717 §⁰

469 4716 600 4774 fuerunt,
652 4718 699 4775 Ita
747 4729 769 4783 t,
795 4728 829 4775 ut
854 4728 990 4775 neutrum
1042 4718 1182 4777 linearum
1198 4729 1347 4788 oontextu,
1362 4719 1414 4777 sed
1434 4733 1566 4779 accurate

469 4796 683 4874 evangeliorum
695 4796 800 4855 falsum
816 4797 937 4863 situum
949 4798 991 4855 al-
1042 4799 1078 4857 ad
1092 4800 1253 4877 dosephum
1269 4818 1361 4875 usque
1381 4798 1546 4859 deseendat.

470 4885 565 4935 terum
588 4889 730 4942 naturam,
749 4877 871 4935 alterum
896 4876 991 4955 legem
1084 4879 1195 4938 Verum
1219 4890 1253 4937 ut
1275 4878 1305 4937 id
1327 4878 1406 4956 quod
1428 4880 1565 4945 diximus,

470 4956 500 5013 in
528 4958 684 5034 majoribus
716 4958 919 5016 enumerandis
947 4978 992 5016 se.
1042 4960 1148 5018 elarius
1185 4959 1245 5025 fiat,
1277 4960 1432 5036 utriusque
1470 4961 1566 5040 stirpis

469 5048 585 5113 quatur.
626 5040 700 5096 Nam
716 5037 833 5095 familiae
847 5058 911 5114 quae
926 5059 992 5097 cum
1043 5041 1145 5099 seriem
1169 5058 1375 5118 proponemus.
1424 5040 1521 5119 Igitur
1541 5040 1615 5120 ⁸535

470 5135 486 5173 a
507 5116 672 5189 Salomone,
688 5129 750 5177 tum
773 5137 789 5176 a
804 5118 921 5177 Nathan
941 5119 992 5178 de·
1043 5141 1059 5178 a
1074 5120 1188 5180 Doride
1204 5140 1256 5199 per
1275 5119 1463 5181 Salomonem
1481 5141 1563 5201 gene·
