3917 6467
508 1049 550 1107 80
937 1045 1182 1106 MAXIMUS.

509 1242 613 1307 quam
643 1228 770 1308 praeter
797 1217 1002 1297 Eusebium,
1030 1219 1112 1286 dum
1142 1217 1321 1294 exscribit,
1345 1237 1427 1284 eum
1457 1212 1621 1282 nomina-

511 1335 612 1415 verit,
632 1335 698 1401 ista
718 1332 866 1402 frustula
892 1334 1162 1422 haudquaquam
1184 1343 1256 1400 tam
1279 1332 1430 1400 fidenter
1455 1329 1621 1398 Maximo

511 1449 658 1518 adscribi
686 1450 875 1538 potuerint,
905 1470 1009 1538 qnam
1033 1458 1152 1516 nostra
1179 1448 1253 1516 baec
1281 1448 1326 1516 ab
1355 1444 1511 1514 Eusebio
1542 1466 1622 1534 pro-

513 1566 593 1634 lata.
647 1563 704 1632 Ad
735 1563 859 1632 Huetii
889 1565 1100 1633 sententiam
1130 1565 1223 1655 quod
1253 1565 1394 1643 attinet,
1422 1562 1482 1629 vix
1511 1582 1557 1629 ea
1583 1581 1622 1627 se

513 1679 716 1758 sustinebit;
735 1680 808 1746 viro
827 1679 1030 1747 doctissimo
1048 1679 1182 1747 seilicet
1200 1687 1392 1758 statuente,
1405 1677 1487 1767 quia
1499 1674 1623 1744 Maxi·

513 1796 562 1861 mi
597 1794 847 1884 fragmentum,
883 1802 924 1862 ut
961 1795 1012 1862 ait
1049 1795 1077 1861 is
1116 1794 1270 1883 quidem,
1306 1794 1340 1861 in
1378 1789 1531 1885 Dialoqo
1566 1787 1623 1859 De

513 1908 671 1980 Materia
688 1916 899 1998 compareat,
918 1909 1018 1997 eujus
1036 1921 1153 1977 tamen
1170 1909 1356 1999 fragmenti
1375 1928 1454 1998 pars
1467 1917 1621 1986 tantum,

515 2037 556 2093 ut
575 2024 661 2105 dixi,
675 2024 808 2092 ibidem
822 2033 933 2102 extat,
952 2023 1032 2090 ideo
1047 2023 1207 2092 retulisse
1226 2025 1260 2090 in
1280 2022 1419 2091 litteras
1431 2019 1620 2117 Dialogues

516 2139 615 2208 iiiam
646 2139 776 2208 saeonlo
804 2149 929 2230 quarto
959 2137 1303 2228 Maximun1‚atque
1330 2138 1425 2227 operi
1453 2160 1517 2206 suo
1548 2136 1622 2230 περὶ

516 2252 592 2333 ὕλης
618 2254 833 2333 intexuisse3
872 2264 909 2320 at
940 2275 1023 2320 vero
1053 2264 1192 2321 constat
1223 2252 1259 2320 S.
1279 2252 1508 2321 Methodium
1540 2263 1623 2321 aute

518 2367 742 2436 Constantini
769 2366 823 2435 M.
843 2378 1085 2457 aetatemque
1109 2379 1278 2459 regnante
1302 2365 1491 2462 Dialogues
1509 2366 1624 2436 verbis

519 2484 554 2552 in
574 2507 616 2551 eo
635 2483 843 2573 quibusdam
864 2484 968 2551 nixus
987 2486 1154 2573 seriptum
1175 2506 1250 2552 esse
1268 2485 1318 2552 ait
1330 2482 1497 2564 Huetius‚
1514 2482 1623 2550 hoece

520 2600 759 2691 fragmentum
780 2598 951 2666 utendum
971 2600 1157 2689 accepisse,
1175 2598 1268 2689 quod
1289 2599 1437 2667 Maximi
1457 2621 1536 2667 esse
1553 2598 1623 2689 ipse

522 2715 574 2781 vir
591 2713 901 2805 praestantissimus
919 2723 1016 2781 reete
1034 2715 1169 2782 statuit.

572 2829 666 2911 Quid
685 2838 805 2897 autem
824 2837 889 2908 est,
904 2829 996 2919 quod
1014 2828 1198 2897 Gilbertus
1212 2827 1462 2898 Genebrardns
1478 2828 1625 2898 Latinus

523 2944 687 3036 Origenis
705 2941 911 3013 Philooalioe
937 2945 1110 3034 interpres
1133 2942 1201 3011 hoe
1226 2942 1378 3013 Maximi
1405 2953 1624 3036 excerptum,

523 3058 616 3150 quod
645 3058 710 3128 SS.
729 3057 881 3128 Basilius
903 3068 940 3127 et
962 3058 1155 3152 Gregorius
1180 3057 1270 3128 Naz.
1298 3060 1325 3126 si
1354 3059 1459 3128 modo
1488 3061 1534 3129 ab
1562 3058 1626 3128 illis

523 3174 694 3244 scholium
722 3197 743 3242 a
771 3172 879 3242 Cavio
905 3183 1141 3242 memoratum
1165 3175 1211 3242 sit
1236 3173 1428 3265 adjectum.
1454 3199 1501 3245 ex
1529 3174 1628 3245 Proe·

517 3287 703 3384 paratione
725 3286 870 3358 Eusebii
892 3289 927 3357 in
952 3285 1182 3358 Philoeuliom
1207 3313 1306 3359 snam
1333 3314 1370 3360 se
1394 3292 1630 3383 desumpsisse

526 3414 711 3484 testantur,
730 3403 796 3473 hoe
821 3402 926 3471 titulo
944 3403 1145 3495 signaverit,
1164 3403 1203 3473 Ε
1224 3402 1389 3474 Traetatd
1412 3404 1577 3500 Origenes
1595 3405 1631 3474 in

520 3519 676 3615 priosum
703 3528 804 3611 captat
832 3517 1033 3589 Gerzeseest'
1061 3520 1180 3588 Pauca
1206 3519 1266 3589 iiia
1293 3545 1374 3612 quae
1398 3523 1473 3610 jam
1505 3529 1636 3590 extant

527 3636 692 3727 Origenis
713 3637 749 3703 in
767 3634 934 3715 Genesin,
953 3633 1109 3725 reliquia
1133 3645 1225 3714 sunt,
1244 3647 1284 3703 ut
1302 3635 1345 3704 ei.
1365 3635 1499 3705 Gaieus
1518 3637 1554 3704 in
1574 3659 1638 3705 no-

528 3750 604 3819 tula
621 3751 771 3840 quadam
791 3749 836 3818 ab
859 3748 906 3814 W
909 3749 1061 3816 etstenio
1079 3749 1121 3817 ad
1143 3747 1281 3841 Dialogi
1297 3750 1402 3818 modo
1420 3750 1506 3818 dieti
1525 3751 1633 3820 finem

528 3863 700 3933 collocata
735 3864 883 3943 monuit,
919 3861 1117 3953 pleniorum
1152 3845 1494 3932 Commentariorum
1529 3886 1639 3956 super

528 3981 651 4048 eodem
682 3988 901 4069 argumento.
956 3978 1131 4048 Eusebius
1157 3991 1275 4048 autem
1305 3980 1338 4047 in
1368 3978 1639 4072 properatiore

529 4118 591 4164 sua
609 4090 818 4186 anrzpelico
837 4091 1019 4182 paululum
1045 4107 1235 4183 antequam
1262 4092 1484 4163 Maximiano
1501 4093 1637 4173 attulit,

529 4209 596 4279 alia
614 4208 775 4297 qnaedarn
799 4207 843 4275 de
867 4207 942 4296 ipsa
965 4206 1030 4276 bac
1050 4209 1253 4299 quaestione,
1272 4211 1363 4300 quod
1388 4210 1537 4277 materia
1555 4217 1635 4276 ortu

530 4345 600 4392 non
635 4329 763 4400 careat,
794 4344 838 4389 ex
875 4320 1040 4412 Origenis
1075 4322 1129 4392 bis
1167 4321 1439 4391 Commentariis
1473 4323 1636 4392 adduxit.

532 4437 729 4506 Potuerunt
756 4434 865 4526 igitur
887 4436 961 4505 bae
983 4436 1145 4518 Maximi,
1166 4437 1220 4504 vel
1248 4460 1326 4529 pars
1352 4437 1475 4507 saitem
1502 4460 1637 4517 eornm,

531 4555 567 4621 in
587 4549 750 4642 Origenis
774 4549 828 4618 bis
846 4551 1119 4620 Commentariis
1142 4553 1225 4620 oiim
1252 4554 1423 4621 extitisse.
1477 4553 1532 4621 At
1556 4575 1638 4622 vero

532 4676 817 4758 praetermorem
843 4675 918 4734 erat
945 4666 1118 4758 Origenis,
1146 4679 1186 4736 ut
1213 4669 1247 4735 in
1275 4668 1539 4737 commentariis
1568 4668 1639 4737 suis

533 4782 654 4874 longas
684 4780 832 4849 aliorum
858 4783 966 4875 ῥήσεις
993 4782 1176 4872 proferret,
1206 4783 1261 4851 vel
1290 4794 1328 4852 ut
1359 4785 1468 4852 tacito
1495 4785 1638 4852 nomine

534 4897 666 4967 faceret
689 4893 804 4964 aliena
824 4918 908 4977 sua;
935 4906 972 4964 et
991 4897 1134 4966 forsitan
1154 4899 1281 4967 idonea
1298 4922 1402 4967 eausa
1419 4900 1488 4968 fuit
1509 4900 1638 4970 sanetis

534 5012 603 5082 illis
621 5009 822 5080 Phiioealiae
839 5010 1044 5092 editoribus,
1062 5022 1103 5081 ut
1121 5013 1241 5083 libello
1262 5038 1325 5083 sno
1343 5014 1539 5085 electorum
1560 5015 1639 5087 Ori·

533 5128 634 5224 genis
656 5126 726 5197 ista
749 5123 902 5196 Maximi
921 5128 1116 5198 insererent
1140 5129 1185 5199 de
1207 5131 1362 5201 materiae
1384 5140 1464 5200 ortu
1488 5134 1638 5225 agentia,
