3917 6467
443 1102 508 1164 elo
803 1108 1184 1173 ANNOTATIONES

445 1273 613 1335 samaram
629 1274 662 1335 ia
676 1274 883 1338 Heaoemeron
899 1274 1072 1341 Eustathio
1086 1277 1295 1342 Antiocheno
1313 1277 1521 1364 adsenptnsin

447 1393 511 1454 quo
525 1374 789 1457 evangelistarum
804 1376 1016 1460 discrepantia
1030 1399 1088 1462 epe
1105 1379 1302 1444 narrationis
1317 1380 1457 1446 Afrieani
1469 1403 1521 1446 eon

445 1473 580 1549 oiliatur,
599 1476 766 1540 Matthani
780 1476 907 1541 viduam
922 1480 1019 1541 Αἰθὸν
1032 1500 1091 1564 pro
1105 1477 1205 1545 Ἐσθᾶ
1219 1480 1372 1566 appellat.
1387 1505 1417 1568 p.
1432 1482 1522 1567 dead.

446 1575 569 1640 Allatii.
1000 1616 1002 1620 ·

490 1677 526 1740 P.
545 1679 653 1761 2341.
671 1699 699 1743 2.
716 1683 754 1747 ὡς
773 1682 932 1765 προεῖπον]
956 1682 1060 1767 Vulgo
1081 1685 1272 1764 προείπομεν.
1320 1683 1383 1749 Sed
1405 1690 1525 1764 προεῖπον

444 1780 520 1841 Μδ.
537 1781 630 1843 Bodl.
648 1782 778 1864 Nicepk.
799 1783 943 1846 Μοοανίἰ
968 1785 1095 1859 Calena,
1119 1784 1290 1868 &otioque
1317 1785 1355 1849 de
1375 1786 1480 1849 Natio.
1496 1785 1525 1848 B.

445 1881 574 1942 Μανίαν.
618 1880 757 1966 Jamque
779 1882 863 1946 idem
886 1884 990 1968 recepi
1013 1891 1088 1968 post
1112 1884 1305 1961 Burtonnm,
1329 1884 1384 1969 qni
1404 1892 1527 1966 προεῖπον

442 1980 563 2045 invenit
578 1982 608 2044 in
624 1983 709 2045 oodd.
722 1983 856 2047 ovensibus
870 1992 989 2069 praeter
1000 1986 1128 2071 Κομίνιον
1142 1992 1176 2050 et
1185 1986 1357 2049 Parisino&
1396 1985 1527 2050 Deinha·

443 2081 519 2146 bent
535 2085 643 2146 Oratio
657 2084 711 2147 illa
725 2092 759 2148 et
773 2086 905 2170 Niceplt.
921 2088 1069 2168 ἄγόμενος
1083 2108 1142 2172 pro
1157 2089 1359 2169 ἀγαγόμενος,
1374 2087 1464 2173 eujus
1475 2087 1529 2152 loe

442 2183 632 2264 ἀγαγόμενον
656 2193 747 2249 extat
773 2187 805 2248 in
828 2187 919 2250 Lecff.
944 2188 1021 2251 Ver.
1045 2186 1201 2272 Stephani,
1219 2187 1387 2252 Jenoes‘ase
1411 2196 1445 2252 et
1464 2186 1528 2253 Bel*

441 2283 540 2346 faiano
554 2285 703 2367 Stephani
713 2286 800 2349 Edit.
812 2287 1060 2372 Esanphm'bue,
1074 2289 1299 2373 Gmmensique
1314 2289 1405 2353 Edit.
1416 2287 1529 2375 quiqui

441 2385 513 2448 dem
523 2388 714 2470 posteriores
724 2396 834 2464 testes,
843 2396 880 2453 ut
884 2389 952 2473 jam
965 2390 1084 2465 monui,
1094 2391 1127 2453 in
1135 2412 1233 2453 unum
1242 2390 1383 2455 fortasse
1391 2392 1529 2456 recidunt

486 2488 570 2551 Ibid.
586 2487 606 2552 l.
622 2509 653 2571 3.
669 2492 743 2553 nore
764 2492 797 2552 ἐκ
816 2489 979 2575 διαφόρων]
997 2491 1259 2576 Praepositionem
1282 2494 1317 2555 ἔκ
1337 2515 1399 2578 pre
1417 2494 1531 2579 vulgate

440 2589 476 2667 δὴ
491 2591 615 2674 reposui
633 2612 672 2653 ex
689 2592 834 2653 Oratione
852 2591 889 2654 de
902 2593 1013 2654 Notio.
1030 2596 1067 2657 S.
1083 2593 1202 2656 Mesia
1221 2601 1396 2679 sumptam.
1441 2597 1530 2660 Abas

439 2697 609 2776 utrumque
623 2713 643 2754 a
658 2693 802 2755 Moearii
817 2694 935 2756 Ceterae
948 2693 1182 2778 Niemlemque
1196 2702 1231 2759 et
1245 2695 1332 2760 cedd.
1349 2697 1528 2761 Florentinis

439 2791 597 2876 Opposuit
611 2791 671 2855 hoe
686 2792 762 2855 mihi
778 2792 949 2871 Burtonus,
964 2795 1027 2880 legi
1041 2816 1138 2880 supra
1157 2797 1312 2876 διαφόρων
1333 2800 1422 2865 ὄντες
1439 2805 1529 2880 γενῦν.

438 2914 468 2975 p.
487 2912 559 2977 233.
575 2894 594 2956 Ι.
614 2915 661 2957 10.
706 2893 841 2980 Rufinus
855 2903 946 2959 vetus
963 2896 1121 2980 interpres
1140 2896 1322 2981 habet‚per
1340 2898 1425 2983 qaod
1443 2920 1477 2962 en
1493 2897 1530 2963 di·

437 3015 518 3057 verm
532 2995 589 3058 &a

482 3096 564 3159 Ibid.
582 3097 602 3159 l.
618 3119 648 3175 4.
665 3100 817 3178 διαφόρων
832 3101 883 3162 δύο
898 3097 1011 3184 γενῶν]
1035 3098 1107 3163 Ηοο
1126 3098 1195 3162 loeo
1215 3101 1306 3180 γένος
1328 3102 1466 3166 sumitur
1483 3121 1530 3187 pro

436 3196 564 3261 familia.
611 3198 697 3261 Gens
711 3199 795 3261 enim
811 3199 964 3264 dividitur
982 3200 1015 3262 in
1035 3199 1181 3263 familias
1225 3200 1279 3264 Sio
1299 3223 1381 3286 gens
1397 3202 1530 3268 Cornelis

435 3299 522 3361 verbi
542 3299 657 3383 gratia,
674 3300 705 3362 in
728 3300 834 3385 plnres
856 3308 927 3364 erat
949 3300 1050 3363 divisa
1071 3299 1217 3376 familias,
1241 3308 1323 3384 puta
1349 3302 1529 3388 Scipionum,

437 3399 604 3477 Sullanum,
623 3401 859 3473 Lentulorum·
874 3402 928 3483 qui
944 3423 1054 3463 omnes
1068 3423 1108 3464 ex
1123 3401 1247 3464 diversa
1261 3402 1394 3486 quidem
1411 3404 1528 3476 familia,

435 3503 490 3564 sed
505 3525 544 3565 ex
560 3525 624 3565 una
644 3503 818 3586 eademque
837 3510 931 3566 erant
950 3510 1065 3585 genta
1089 3524 1127 3566 aa
1147 3502 1280 3586 proinde
1298 3505 1438 3587 gentiles
1459 3507 1528 3570 dioe-

435 3605 561 3667 bautur.
607 3605 729 3667 Eodem
751 3605 846 3667 modo
869 3603 1024 3667 Matthan
1044 3610 1078 3666 ot
1101 3601 1218 3665 Melohi
1240 3623 1280 3666 ex
1300 3604 1431 3670 diversa
1448 3615 1527 3670 erent

433 3706 571 3778 familia;
596 3707 690 3769 ambo
706 3715 813 3769 tamen
829 3727 868 3768 ex
889 3705 1001 3767 eodem
1021 3710 1118 3787 gente
1134 3703 1291 3767 Davidiea
1311 3727 1385 3789 quae
1407 3708 1439 3770 in
1461 3708 1528 3770 dua

434 3808 568 3871 familias
583 3816 653 3872 erat
672 3807 781 3883 divisa,
798 3805 1051 3870 Salomoniorum
1073 3804 1191 3866 scilieet
1215 3811 1249 3867 et
1270 3804 1525 3872 Nathanaeorum.

434 3912 596 3972 Vanssu's.

479 4012 561 4074 lbid.
577 4012 597 4074 l.
613 4030 645 4095 5.
662 4014 703 4073 ὧν
723 4014 739 4073 ὁ
760 4013 859 4090 ἕτερος
872 4009 997 4092 Ἰακὼβ]
1023 4010 1039 4070 ὁ
1060 4010 1196 4087 νεόπερος
1217 4029 1275 4091 pro
1298 4011 1315 4071 ὁ
1340 4011 1441 4090 ἔτερος
1462 4010 1524 4073 MS.

433 4113 571 4194 Norsole.
619 4112 774 4176 Scribitur
796 4114 837 4174 ὧν
860 4111 983 4190 θάτερον
1005 4107 1146 4185 ὀῚακὼβ
1168 4108 1200 4170 in
1224 4111 1312 4172 Orat.
1335 4111 1453 4196 saepius
1469 4112 1524 4195 jan

431 4221 688 4276 oonrmemorata.
721 4216 763 4276 ὧν
788 4211 804 4275 ὁ
831 4214 930 4291 ἕτερος
959 4213 975 4272 ὁ
999 4210 1109 4286 Ἰακὼβ
1134 4210 1276 4272 Maeoni
1300 4213 1430 4275 Calena.
1457 4213 1523 4276 ὦνὸ

431 4311 531 4389 ἕτερος
546 4311 678 4390 ἀδελφὸς
698 4310 828 4394 Nicepd.
875 4308 962 4370 Huio
985 4306 1134 4370 varietati
1157 4328 1239 4370 nuno
1263 4308 1357 4373 addit
1374 4311 1524 4375 Burtonus

431 4408 454 4494 ᾧ
469 4433 527 4495 pro
544 4415 586 4475 ὧν
600 4413 754 4496 seriptum
769 4434 837 4474 esse
853 4412 885 4473 in
900 4410 963 4474 eod.
983 4411 1099 4473 Veneto.

475 4513 558 4575 lbid.
575 4514 700 4577 ἀτέκνου
715 4519 766 4575 τοῦ
782 4515 916 4592 ἀδελφοῦ
935 4510 1170 4588 τελευτήσαντος
1183 4508 1271 4593 Ἠλὶ]
1293 4509 1419 4576 Contra
1436 4511 1523 4577 tradi

431 4613 465 4676 S.
482 4614 669 4677 Ambrosius
686 4614 898 4679 Gariannonum
916 4616 949 4675 S.
965 4613 1104 4682 Ledam
1133 4610 1249 4673 obiisse
1274 4611 1298 4672 J
1300 4613 1437 4677 aeobum
1462 4621 1524 4676 ante

431 4715 506 4779 Heli
533 4715 676 4792 fratrem,
692 4725 726 4778 et
747 4714 822 4777 Heli
847 4712 963 4776 Jacobi
991 4733 1090 4775 uxore
1115 4713 1213 4775 dueta
1239 4733 1410 4795 generasse
1424 4713 1523 4808 filiun

426 4815 548 4900 loseph,
571 4817 625 4900 qai
642 4816 738 4898 jaste
760 4815 848 4899 lepem
874 4813 984 4878 Jacobs·
996 4814 1092 4898 filies
1117 4813 1242 4890 dieitur,
1269 4816 1412 4897 qouniam
1437 4833 1522 4879 samm

417 4919 536 4999 fratris
550 4917 687 4999 desuem
692 4917 895 4999 freterjeatn
906 4916 978 5000 dapis
989 4916 1094 4977 oeteis
1106 4916 1212 4977 seriem
1226 4915 1401 4980 madebat.
1413 4925 1487 4980 tom.
1497 4936 1512 4978 v

427 5020 488 5102 Op.
510 5042 541 5102 p.
562 5019 614 5101 38.
636 5019 686 5081 ed.
703 5016 802 5081 Basil.
847 5017 911 5080 Sed
937 5016 1072 5080 forsitan
1098 5016 1227 5080 fallente
1253 5018 1408 5081 memoria
1433 5017 1518 5081 aliun

424 5118 558 5183 fratrem
573 5117 708 5202 proelio
723 5118 839 5202 posuit.
