3917 6467
428 1114 493 1178 438
788 1109 1139 1175 ANNOTATIONES

429 1282 548 1362 σνρίων.
581 1283 680 1358 Βῆλον
705 1284 782 1361 (cor.
807 1277 917 1358 Βήλου)
946 1281 1005 1358 γὰρ
1029 1275 1080 1340 νε’.
1105 1278 1202 1340 Νίνον
1223 1274 1282 1355 pb'.
1307 1275 1434 1354 Ἀβραὰμ
1451 1275 1488 1354 ρο’.

423 1382 534 1446 Ἔσται
557 1383 614 1462 ἄρα
641 1385 755 1458 Μωσῆς
781 1385 854 1443 «orb
877 1379 911 1442 τὸ
936 1377 992 1460 ρο’.
1017 1379 1081 1444 ἔτος
1095 1378 1244 1459 Ἀβραάμ·
1271 1379 1345 1457 ὅπερ
1368 1378 1491 1438 ἀδύνατον.

428 1473 573 1564 ὁμολογεῖ
586 1485 616 1545 δὲ
633 1482 723 1545 αὐτὸν
738 1485 812 1545 κατὰ
822 1480 956 1563 Ἴναχον.

472 1586 510 1648 Ρ.
522 1586 593 1666 278.
603 1583 623 1646 l.
636 1603 679 1645 lo.
694 1594 732 1644 Οὔ
742 1610 785 1655 μοι
796 1590 865 1642 δοκεῖ
875 1592 958 1644 καλῶς
970 1583 1041 1666 δια]
1061 1570 1495 1645 Hoooedevbrooollddtlmtlt

432 1688 572 1772 Georgia,
586 1685 696 1748 scribit
712 1684 861 1767 Scaliger,
877 1684 959 1747 bano
979 1684 1146 1769 pericopen
1165 1684 1316 1746 referens.
1359 1680 1495 1745 Animalia

427 1789 533 1874 pagin.
551 1806 600 1868 17,
623 1789 669 1864 ι8,
686 1805 758 1870 253,
777 1788 832 1848 &c
857 1784 953 1849 Ratio
972 1786 1040 1849 haeo
1059 1794 1117 1850 est.
1163 1785 1198 1848 Si
1218 1784 1260 1847 ad
1280 1783 1418 1847 Africani
1435 1804 1497 1846 mm

427 1898 493 1955 tem
515 1889 719 1973 Assyriorum
743 1908 874 1971 regnum
898 1886 993 1964 aliud,
1011 1888 1093 1972 quod
1115 1886 1323 1970 Argivorum,
1338 1885 1425 1948 annis
1445 1883 1499 1946 solis

427 1991 571 2056 ducentis
591 1991 770 2074 praecedam
795 1997 831 2052 ut
855 1988 950 2072 spatii
973 1987 1151 2072 hujusmodi
1176 1987 1335 2050 terminus
1357 1987 1397 2050 ad
1412 1985 1500 2048 Inachi

427 2095 619 2181 Argivorum
634 2093 717 2178 regis
731 2091 823 2176 primi
839 2112 957 2154 annum
973 2091 1108 2176 primum
1122 2090 1269 2175 attingit,
1285 2090 1334 2154 ita
1348 2086 1501 2175 quoqncal

428 2196 531 2259 Mosis
552 2194 692 2259 natalem
714 2194 798 2257 diem
818 2193 902 2256 circa
917 2192 1029 2257 Inachi
1049 2192 1223 2278 primordia
1241 2192 1450 2255 incurrentem
1466 2211 1501 2253 ao·

427 2299 528 2362 cedit:
565 2299 649 2361 idem
674 2318 748 2360 vero
777 2316 932 2358 annorum
964 2295 1172 2358 ducentorum
1200 2293 1358 2357 terminus
1384 2292 1501 2356 Abram

427 2422 528 2463 annus
543 2421 639 2484 supra
654 2397 857 2462 centesimum
875 2396 995 2479 primus
1010 2396 1172 2459 statuitur.
1219 2395 1331 2458 Moses
1350 2396 1452 2479 itaque
1464 2416 1502 2457 aa

426 2521 469 2564 no
485 2501 622 2564 Abrahae
637 2500 747 2563 eodem
762 2499 804 2562 ad
818 2499 896 2561 lucis
911 2506 945 2562 et
959 2497 1068 2561 mundi
1083 2498 1277 2561 consortium
1295 2499 1448 2583 ingressus
1460 2504 1502 2561 aa

427 2601 719 2665 Demonstrativam
730 2600 979 2664 confutationem
992 2600 1073 2662 hanc
1084 2607 1177 2663 vocat
1189 2599 1333 2684 Scaliger
1345 2600 1412 2663 loco
1424 2601 1504 2684 prim

426 2704 539 2767 relato.
564 2703 645 2769 Haec
661 2706 797 2769 Goaaus.
843 2704 892 2765 At
905 2723 980 2764 vero
1003 2701 1153 2786 quidquid
1171 2702 1330 2765 Eusebius
1349 2702 1458 2785 aliique
1476 2700 1504 2762 da

427 2804 606 2867 Abrahami
632 2805 731 2868 natali
757 2804 808 2867 dio
839 2811 1031 2879 statuerunt,
1056 2803 1140 2865 haud
1167 2802 1259 2866 facile
1289 2803 1431 2866 mihimet
1453 2822 1505 2886 par-

426 2907 554 2984 suadeo,
571 2905 756 2969 Africanum
778 2905 880 2990 ipsum
904 2927 970 2968 ram
992 2904 1309 2984 itaadministrasse,
1326 2913 1363 2969 ut
1386 2905 1505 2989 ejusden

427 3016 532 3073 ortum
548 3010 588 3072 ad
604 3030 677 3071 nnn.
691 3027 743 3092 43.
761 3007 817 3070 vel.
836 3027 888 3087 44.
934 3006 1008 3070 Nini
1031 3007 1114 3092 regis
1133 3006 1285 3082 differret,
1304 3008 1359 3091 qui
1379 3007 1446 3092 plus
1465 3006 1507 3067 dn-

426 3118 536 3174 ccutos
561 3132 662 3173 annos
684 3110 779 3174 citius
801 3109 983 3173 Eusebiana
1004 3109 1241 3193 computatione
1265 3109 1369 3172 Mosis
1390 3109 1506 3172 exodun

426 3211 618 3275 collocasset.
670 3211 765 3275 Certo
779 3219 907 3275 constat
927 3209 1129 3274 constituisse
1144 3210 1333 3274 Africanum
1350 3209 1506 3276 Abrahani

427 3308 549 3371 natales
578 3309 676 3372 ferme
705 3331 805 3372 annos
832 3330 900 3391 ¹90·
930 3320 1006 3372 ante
1031 3307 1210 3392 Sicyonium
1237 3309 1417 3394 imperium,
1436 3311 1507 3395 cujus

426 3411 516 3494 regui
540 3411 631 3474 initia
664 3412 819 3474 Eusebius
852 3412 1037 3475 Abrahamo
1060 3411 1236 3475 vetustiora
1260 3413 1338 3476 facit
1360 3415 1449 3476 annis
1470 3430 1505 3495 75.

427 3511 542 3574 Confer
557 3512 639 3574 enirn
663 3513 929 3595 Fragmentorum
945 3513 1057 3574 horum
1079 3513 1171 3575 Num.
1189 3536 1278 3576 xxix.
1294 3537 1367 3577 curn
1385 3512 1507 3577 Chronici

426 3612 593 3676 Eusebiaoi
613 3614 776 3698 principio.
823 3617 927 3677 Immo
942 3637 1016 3677 vero
1032 3614 1135 3698 palam
1155 3624 1213 3689 est,
1231 3616 1302 3700 plns
1322 3618 1470 3681 ducentos
1484 3624 1506 3677 et

426 3716 654 3798 quinquaginta
665 3739 765 3779 annos
781 3726 856 3780 aute
871 3717 940 3800 ipsa
955 3717 1046 3779 initia
1058 3717 1220 3800 Assyriaci
1232 3719 1322 3802 regni
1335 3719 1506 3803 patriarcha

426 3818 549 3881 natales
562 3820 603 3882 ab
621 3821 773 3882 Africano
788 3821 909 3904 positos
925 3821 1029 3884 luisse.
1075 3822 1164 3885 cons.
1178 3822 1274 3884 Num.
1291 3846 1371 3886 xxu.
1384 3832 1417 3886 ct
1431 3830 1506 3886 nota

426 3941 521 4002 supra
536 3943 588 4004 pp.
605 3943 677 4005 43¹·
695 3933 727 3985 ct
744 3943 817 4003 432.
865 3923 917 3984 Ab
935 3923 1005 3986 aliis
1026 3945 1149 4007 quoque
1167 3924 1354 3987 auctoribus
1374 3926 1414 3987 ad
1433 3925 1506 4006 longe

425 4023 602 4104 posteriora
617 4031 762 4107 tempora
777 4046 871 4108 quam
887 4024 1014 4088 solitum
1030 4033 1091 4099 est,
1106 4025 1242 4088 relatum
1262 4025 1360 4089 fuisse
1376 4027 1447 4089 Nini
1466 4026 1506 4087 im

425 4124 546 4205 perium
571 4125 722 4188 novimus.
769 4125 925 4210 Georgius
948 4137 1067 4203 autam,
1083 4128 1158 4189 dum
1181 4128 1303 4211 pariter
1327 4137 1424 4212 atque
1439 4124 1506 4190 Arri-

425 4247 522 4288 oanus
540 4227 639 4288 Mosis
660 4234 693 4289 et
709 4228 820 4290 Inachi
842 4230 1065 4310 σογχρονισμὸν
1085 4237 1192 4292 ratum
1213 4230 1365 4304 habebat,
1382 4230 1461 4313 quod
1480 4246 1506 4289 er

427 4325 674 4411 Chronoqraplio
690 4330 756 4412 ejus
770 4352 799 4413 p.
820 4347 888 4412 150.
904 4330 1042 4413 alibique
1057 4338 1193 4406 constat,
1206 4353 1264 4394 nec
1280 4338 1389 4395 tamen
1405 4353 1471 4394 cum
1481 4348 1506 4389 eo

425 4429 563 4492 sentiens
578 4432 617 4493 de
634 4432 792 4494 natalibus
805 4434 980 4495 Abrahami
997 4435 1051 4497 diu
1062 4444 1137 4497 ante
1153 4434 1271 4496 Ninum
1285 4433 1506 4501 constituendis

424 4529 621 4595 existimasse
636 4534 760 4597 videtur
777 4535 966 4619 Argivorum
983 4537 1058 4598 illud
1074 4538 1114 4599 ab
1132 4536 1254 4598 lnacho
1273 4537 1440 4600 fundatum
1455 4555 1507 4617 reg·

424 4653 499 4692 num
516 4656 578 4695 non
595 4636 808 4699 ducentesimo
823 4660 907 4700 anno
923 4660 1031 4723 regum
1045 4638 1247 4721 Assyriorum
1263 4638 1320 4701 sed
1336 4647 1445 4722 postea
1459 4633 1506 4699 col·

424 4732 519 4798 locari
533 4737 658 4813 debere,
675 4748 896 4823 contraquam
913 4741 1078 4804 statuisset
1096 4740 1277 4804 Africanus.
