3917 6467
425 1104 491 1167 412
791 1099 1144 1166 ANNOTATIONES

416 1266 557 1350 Μοαι.
579 1287 609 1351 p.
622 1283 696 1352 321.
710 1267 761 1331 ed.
776 1265 893 1332 Smithi
910 1266 1041 1352 Opem
1055 1266 1163 1331 Bada.
1201 1266 1415 1353 Similiterque
1426 1268 1503 1354 scrip

425 1376 514 1433 serat
533 1368 574 1432 de
592 1367 654 1432 hoo
673 1367 744 1432 laon
759 1367 909 1444 Tacitus3
930 1369 1039 1453 Neque
1052 1368 1152 1453 pison
1170 1375 1229 1432 cut
1248 1377 1350 1433 ustas
1371 1371 1452 1456 apsis
1468 1390 1505 1434 ca

426 1466 522 1532 laesa
529 1468 662 1551 patitur.
686 1469 773 1532 Isrst.
789 1490 817 1533 v.
833 1470 864 1534 6.
910 1468 1036 1533 Ultima
1050 1490 1124 1534 vero
1139 1468 1239 1534 Bedae
1254 1471 1353 1535 verba
1371 1471 1410 1535 de
1424 1471 1506 1535 tauris

426 1570 617 1655 camelisque
628 1569 828 1635 fluitantibus
843 1570 992 1635 Pliniana
1005 1580 1176 1659 suntquis
1188 1581 1265 1659 post
1275 1572 1415 1637 afferam.
1444 1572 1507 1636 llos

426 1673 571 1757 sequitur
587 1675 668 1748 (dar
688 1699 721 1737 τε
738 1677 796 1755 γὰρ
816 1673 903 1738 οὐδὲν
922 1676 1020 1739 ἐκεῖνο
1041 1675 1075 1738 τὸ
1092 1677 1170 1758 ὕδωρ
1189 1675 1289 1758 φέρει,
1304 1675 1360 1740 ubi
1379 1679 1449 1761 (φοι
1462 1697 1508 1760 pm

425 1776 507 1850 (slav
525 1774 623 1838 habet
642 1775 808 1852 Cedreaas,
826 1782 860 1839 et
877 1798 938 1838 vox
962 1782 1049 1858 φέρει
1066 1799 1138 1841 curn
1158 1776 1395 1863 viprodrseoudi
1410 1777 1452 1840 vel
1461 1798 1508 1862 pa

425 1877 530 1940 rieads‘
550 1875 731 1952 adhibetur,
753 1877 836 1942 siout
857 1877 940 1941 inira
957 1878 990 1941 in
1012 1877 1033 1941 l.
1058 1894 1088 1959 7.
1133 1878 1257 1944 Narrat
1282 1889 1393 1944 autem
1414 1878 1508 1942 Mann-

426 1977 544 2042 drellus
562 1978 692 2041 idoneus
706 1986 820 2043 auctor
833 1979 865 2042 iu
879 1980 1046 2044 Itinerario
1061 2002 1118 2044 suo
1130 2003 1202 2067 pag.
1217 1983 1271 2061 84.
1283 1981 1369 2045 visas
1382 2002 1403 2044 a
1415 1980 1508 2064 seipso

426 2080 523 2145 fuisse
547 2080 632 2145 iuter
655 2080 792 2144 calculos
813 2103 909 2166 super
930 2080 1028 2145 maris
1049 2081 1144 2167 hujus
1168 2103 1303 2147 arenam
1325 2083 1406 2147 duas
1424 2088 1509 2146 aaa

426 2183 564 2247 oouohas
578 2184 672 2248 testis
685 2183 849 2248 ostreariis
862 2183 1051 2260 consimiles,
1066 2205 1164 2268 quum
1178 2184 1274 2248 undis
1288 2184 1400 2269 ejeotoe
1413 2192 1507 2251 esunt

426 2284 522 2370 idque
535 2284 702 2349 intervallo
716 2285 838 2350 itineris
853 2286 987 2350 duarum
1002 2285 1152 2350 horarum
1167 2287 1210 2350 ab
1224 2309 1264 2351 eo
1283 2287 1364 2362 loeo,
1380 2308 1438 2371 qno
1449 2285 1518 2352 lor.

426 2387 526 2450 danes
539 2387 624 2450 rivus
638 2388 680 2450 ad
695 2409 783 2452 mare
797 2396 959 2452 mortuum
972 2387 1113 2460 accedits
1130 2389 1215 2474 quod
1227 2389 1359 2474 quidem
1374 2410 1395 2452 a
1404 2407 1508 2452 socon

426 2497 637 2552 memoratum
652 2489 710 2565 ait,
725 2498 762 2554 ut
776 2511 816 2553 ue
830 2489 958 2553 flumine
973 2489 1115 2554 adveotae
1130 2489 1163 2553 iu
1178 2512 1267 2554 mare
1282 2490 1380 2554 inisse
1393 2490 1439 2553 ha
1451 2510 1507 2552 oon

427 2589 495 2654 ohae
507 2590 654 2676 cuiquam
667 2591 857 2656 viderentur.
896 2591 978 2656 Haec
989 2591 1217 2665 Mauudrellus,
1230 2592 1393 2668 dubitans
1402 2613 1439 2656 an
1451 2611 1507 2654 rere

427 2692 583 2756 traditum
605 2693 659 2769 sit,
673 2692 760 2758 hisce
777 2693 869 2778 aquis
886 2693 989 2757 nullos
1007 2692 1154 2757 innutriri
1172 2692 1298 2780 pisces;
1324 2695 1382 2758 sed
1399 2714 1463 2758 vero
1477 2692 1506 2754 d.

428 2792 583 2857 Volusius
607 2792 641 2856 iu
666 2815 788 2878 nupera
807 2795 1051 2880 Peregrinatione
1071 2794 1209 2878 Syriaca
1233 2805 1263 2860 et
1277 2797 1408 2882 AEpppt.
1423 2794 1473 2859 sol.
1485 2794 1507 2856 1.

427 2914 498 2979 cap.
517 2911 567 2957 νο.
583 2901 659 2959 sect.
676 2896 705 2957 6.
716 2895 880 2981 antiquam
895 2896 1015 2960 famam
1028 2917 1135 2959 veram
1146 2917 1216 2959 esse
1228 2897 1417 2971 coufirmat;
1430 2894 1507 2980 quod·

428 3017 490 3080 que
507 2995 638 3060 uiminru
657 2996 797 3061 habeant
819 2997 894 3062 salis
915 2998 965 3062 hae
988 3018 1089 3083 squso,
1110 3019 1240 3062 cauam
1262 2997 1310 3061 rei
1333 3019 1402 3061 esse
1423 3004 1507 3082 putat

427 3098 565 3162 Addidit
589 3097 689 3173 Beda,
705 3098 774 3162 loco
797 3101 892 3163 modo
914 3100 1026 3175 allato,
1041 3100 1179 3184 Dmt‘qsoe
1200 3099 1229 3163 si
1249 3099 1406 3163 Iordanes
1424 3107 1510 3162 ardu

427 3198 573 3264 imbribus
578 3200 677 3284 pusca
695 3200 772 3265 illuc
788 3202 916 3287 influens
933 3202 1083 3286 sapuerit,
1098 3201 1201 3265 statim
1219 3202 1406 3276 moriuntur,
1418 3210 1443 3264 ct
1451 3200 1510 3285 pia

425 3299 534 3386 paitru
546 3302 635 3385 cquis
648 3313 855 3385 supernatant.

474 3405 510 3465 P.
522 3404 594 3468 266.
604 3402 624 3465 l.
635 3423 666 3479 4.
684 3405 731 3466 καὶ
747 3405 844 3484 νεκροὶ
855 3404 1166 3488 μὲν-βαπτίσαιντο]
1182 3403 1336 3468 Cedrenus
1347 3404 1511 3490 elegantius,

429 3505 478 3567 καὶ
493 3507 582 3584 νεκρὰ
596 3506 652 3582 μὲν
667 3506 791 3584 σώματα
804 3508 974 3589 ὑποβρύχια
989 3508 1112 3588 γίνεται,
1128 3513 1184 3581 (ὢν
1199 3506 1233 3569 δέ
1247 3532 1293 3573 τις
1308 3506 1368 3570 οὐδ’
1379 3508 1417 3571 ὃν
1426 3509 1513 3589 podius

428 3608 618 3684 βαπτίσαιτο.
663 3607 744 3670 Rem
759 3608 810 3670 hic
824 3618 1033 3673 memoratam
1049 3609 1156 3671 firruat
1172 3608 1397 3672 Maundrellus
1411 3610 1442 3672 iu
1459 3609 1514 3670 loco

424 3709 492 3791 jaru
507 3708 614 3784 allato
631 3731 765 3772 narrans
783 3733 817 3773 se
835 3733 949 3794 corpus
971 3711 1107 3773 sensisse
1125 3731 1216 3772 suum
1235 3709 1322 3773 inter
1341 3709 1515 3774 naudumin

428 3809 488 3873 hoc
504 3810 584 3873 urari
599 3811 628 3873 vi
645 3811 771 3875 insolita
785 3820 976 3889 sustentum,
988 3813 1043 3875 sed
1055 3820 1163 3875 tamen
1178 3833 1245 3874 rem
1260 3812 1310 3875 ait
1323 3831 1516 3897 exaggerasse

428 3920 584 3976 auctores.
632 3912 778 3977 Firmaut
794 3922 828 3977 et
842 3913 896 3976 alii
908 3915 971 3977 duo
984 3914 1164 3998 scriptores,
1181 3912 1387 3996 Lusignauus
1401 3914 1457 3977 vol.
1475 3912 1515 3975 11.

428 4035 460 4096 ρ.
481 4015 549 4094 185.
573 4013 648 4076 Ilia.
670 4021 703 4076 et
725 4014 852 4098 Leghus
872 4016 1007 4100 Auglus,
1024 4038 1108 4078 anuo
1134 4017 1212 4077 1818
1238 4015 1353 4079 harum
1378 4036 1517 4102 aquarum

428 4114 490 4177 viru
517 4115 585 4198 ipse
613 4124 772 4199 expertus,
800 4118 885 4199 quod
911 4125 987 4182 aute
1014 4117 1197 4202 Lusigneuo
1226 4119 1419 4204 contigerat.
1470 4116 1519 4180 Ais

429 4215 571 4292 Tacitus,
585 4216 606 4278 l.
623 4239 649 4279 ο.
666 4219 797 4281 Irrcertae
818 4219 927 4300 (inerti
946 4219 1076 4304 corrigit
1092 4219 1304 4304 Freinshem.)
1321 4221 1414 4284 unda·
1431 4240 1520 4305 super-

419 4318 503 4401 jecta
528 4327 562 4381 ut
584 4319 677 4382 solido
694 4321 854 4403 struatur,
875 4322 972 4404 periti
998 4321 1189 4405 imperitique
1212 4322 1313 4384 naudi
1328 4323 1460 4407 perinde
1481 4329 1520 4383 at

428 4422 582 4485 tolluntur.
629 4422 812 4506 Pliniusque
834 4424 913 4486 Nat.
937 4423 1018 4486 Hie.
1043 4422 1098 4485 lib.
1121 4422 1153 4485 ii.
1179 4443 1248 4506 cap.
1271 4425 1340 4486 106.
1386 4424 1478 4487 Nihil
1491 4422 1521 4484 ia

428 4524 609 4609 Asphaltite,
633 4523 690 4599 ait,
713 4524 824 4587 Jadrae
842 4524 922 4597 hou,
946 4526 1000 4609 qui
1026 4523 1158 4587 bitrem
1177 4524 1285 4608 ρι’ραίι,
1310 4526 1408 4609 mcrps'
1425 4533 1522 4610 polest.

429 4626 509 4689 Post
532 4647 605 4688 vero
627 4647 662 4688 re
683 4626 795 4688 melius
816 4648 973 4710 perpensa
993 4626 1108 4710 posuit,
1129 4627 1183 4690 lib.
1199 4648 1228 4688 v.
1244 4648 1314 4711 cap.
1336 4647 1344 4687 r
1350 4647 1384 4711 5.
1436 4626 1522 4690 Tauri

427 4727 589 4811 camelique
594 4727 744 4810 fluitatem
768 4728 942 4811 indesnma
955 4728 1037 4791 nihil
1049 4729 1083 4791 in
1097 4751 1129 4792 co
1144 4728 1247 4813 urard.

472 4828 554 4892 lbld.
575 4828 597 4890 l.
620 4829 650 4891 6.
670 4830 777 4910 λύχνοι
801 4832 833 4892 δὲ
859 4832 916 4909 μὶν
942 4832 1093 4909 καιόμενοι
1120 4829 1328 4914 ἐπιφέρονται]
1378 4831 1523 4914 Spueellus

431 4932 584 4996 Guarinus
598 4930 696 4993 habet
711 4932 819 5012 λύχνοι
835 4933 891 5008 μὲν
911 4933 1063 5009 καιόμενοι
1082 4933 1114 4994 δὲ
1136 4932 1340 5010 ἐπιφέρονται,
1356 4933 1411 4995 ubi
1431 4937 1462 4996 δὲ
1480 4954 1520 4994 re·

428 5035 571 5098 duudare
592 5032 640 5096 ait
662 5032 797 5101 Goarus,
821 5032 989 5115 posuitque
1012 5035 1060 5094 καὶ
1082 5054 1139 5115 pro
1165 5032 1217 5095 illo
1239 5041 1317 5095 aute
1340 5033 1522 5114 ἐπιφέροιντο

429 5134 578 5218 Scaliger.
624 5132 675 5195 Ex
701 5131 771 5196 MS.
795 5132 897 5197 altero
920 5132 1078 5208 Parisino,
1099 5140 1136 5196 ut
1157 5132 1231 5195 olim
1254 5154 1325 5216 ego,
1345 5155 1428 5197 nuuc
1450 5133 1521 5196 Diu·
