3917 6467
703 1073 752 1138 IN
774 1075 997 1140 analeum
1020 1076 1263 1142 CHRONIOA.
1471 1081 1536 1149 399

426 1251 519 1319 sunt,
534 1251 572 1309 ut
591 1243 656 1308 duo
677 1264 768 1327 reges
783 1242 920 1308 Tbuoris
942 1254 976 1309 et
987 1243 1175 1327 Ἄλκανδρος
1197 1269 1236 1310 ex
1259 1268 1323 1310 uno
1338 1246 1470 1327 Thuori,
1486 1250 1539 1333 qui

425 1347 617 1427 Ἀλκάνδρας
630 1344 765 1409 maritus
779 1344 850 1421 luit,
862 1345 1070 1424 effiaemntm,
1083 1348 1199 1433 quippe
1214 1370 1286 1412 eum
1297 1370 1359 1413 vox
1373 1349 1448 1430 ἀνὴρ
1464 1357 1538 1435 post

426 1448 618 1529 Ἀλκάνδρας
638 1447 722 1511 male
743 1455 827 1512 esset
848 1448 974 1513 omissa.
1022 1448 1169 1515 Correxit
1195 1472 1234 1515 ea
1259 1450 1307 1514 vel
1333 1473 1373 1513 ex
1400 1451 1537 1534 Syneelli

431 1549 659 1635 Okreaeyrupll.
668 1570 741 1634 pag.
758 1554 827 1635 169.
839 1550 888 1614 vel
902 1572 942 1614 ex
955 1550 1085 1615 Eusebii
1099 1551 1250 1616 Chronico
1261 1552 1374 1615 Latino
1386 1552 1537 1639 Scaliger,

428 1651 486 1716 ubi
501 1651 544 1715 ad
565 1672 617 1715 an.
632 1673 781 1715 mcxxxv.
798 1651 866 1716 hoee
886 1659 1017 1716 extant:
1046 1651 1178 1716 Themis
1196 1674 1250 1717 ree
1265 1655 1403 1739 AEyypei
1421 1653 1459 1718 eb
1475 1655 1539 1718 He-

428 1775 514 1818 mero
538 1751 674 1838 Polybus
702 1763 836 1830 beentur,
861 1753 990 1818 ararites
1019 1754 1196 1831 Alcandrm
1227 1755 1312 1839 cayia
1340 1756 1476 1820 menieit
1504 1757 1539 1819 ie

432 1856 569 1939 odyssea
587 1854 637 1934 (δ’.
652 1877 682 1920 v.
701 1859 787 1935 126.)
810 1855 925 1933 diane,
932 1866 1003 1941 peel
1022 1856 1121 1939 Trejae
1140 1858 1347 1941 eaptieimtem
1362 1857 1539 1922 Menelaum

429 1967 460 2021 et
478 1957 626 2021 Helenam
648 1957 694 2020 ad
708 1978 776 2021 eum
799 1957 963 2033 divertisse,
988 1967 1147 2043 repetentes
1168 1959 1322 2024 Grceeiem
1334 1970 1405 2045 pert
1428 1959 1537 2024 bellum

436 2059 546 2143 Trejoe.
588 2059 709 2123 Postea
722 2058 840 2123 eertior
853 2059 957 2124 faetus
973 2082 1044 2123 sum
1059 2068 1170 2125 extare
1184 2061 1217 2124 in
1230 2070 1355 2147 utreque
1365 2062 1540 2126 Perisieaai

430 2160 722 2242 ΜόῖοἈλκανδρος
734 2160 946 2243 (Ἀλκάνδρας)
959 2160 1044 2242 ἀνήρ.
1073 2161 1213 2248 Jamque
1224 2162 1539 2248 recepit’Alxrivbpur

430 2264 465 2328 in
480 2285 636 2348 nuperum
651 2262 784 2348 Syneelli
800 2262 971 2327 editionem
991 2263 1028 2327 el.
1046 2263 1194 2328 Dindorl.
1208 2264 1261 2348 qui
1276 2264 1374 2328 refert
1389 2265 1539 2329 lectorem

430 2366 474 2429 ad
496 2387 569 2450 pag.
586 2363 720 2448 Syneelli
737 2364 868 2429 Goarini
888 2387 920 2449 p.
939 2367 1010 2450 169.
1055 2364 1202 2430 Ueterum
1224 2387 1284 2451 pro
1305 2366 1356 2445 ἔτη
1378 2366 1417 2441 ξ’.
1438 2365 1539 2429 edidit

431 2466 577 2551 Sualiger
595 2467 645 2545 ἔτη
660 2464 696 2539 ς’.
711 2487 770 2551 per
788 2465 1041 2551 incogitantiam,
1058 2466 1182 2552 opinor,
1197 2489 1235 2531 eo
1254 2467 1339 2552 quod
1355 2469 1422 2531 voni
1439 2468 1537 2531 Πολύ·

430 2575 508 2647 βους
530 2589 680 2632 numerus
701 2567 739 2641 ς’.
762 2568 892 2633 additus
914 2575 999 2633 esset
1025 2568 1059 2632 in
1085 2568 1231 2632 Africani
1255 2569 1448 2653 Eusebiique
1472 2569 1539 2654 Dy-

432 2669 548 2733 nastiie
562 2669 647 2753 apud
659 2668 838 2754 Syneellum
853 2670 1042 2755 quandoque
1057 2676 1251 2755 eerruptnm,
1262 2692 1325 2734 non
1339 2670 1416 2734 item
1432 2670 1463 2733 in
1477 2670 1538 2734 Pa·
1647 2746 1650 2751 .

432 2769 619 2835 risiensibus
633 2769 702 2856 ejus
716 2769 852 2855 seriptis.
890 2769 1014 2833 Verum
1028 2769 1122 2834 aliter
1132 2769 1200 2854 ipse
1216 2791 1342 2853 quoque
1352 2768 1494 2851 Scaliger
1505 2770 1537 2832 in

432 2868 618 2935 Baebiana
632 2871 708 2948 suis,
722 2871 806 2935 unde
821 2870 891 2955 plus
905 2871 1002 2935 semel
1018 2871 1147 2935 Goarus
1162 2869 1386 2934 inconstantiae
1407 2869 1538 2933 sumine

431 2996 507 3037 eum
533 2973 704 3037 arcessivit.
761 2972 927 3037 Consentit
953 2972 987 3035 in
1011 2971 1103 3037 annis
1131 2972 1243 3037 Cleon.
1271 2969 1383 3035 auree.
1410 2974 1539 3035 Armet.

433 3084 590 3161 notatque
611 3075 650 3140 el.
666 3076 807 3139 Aueher.
822 3075 1030 3159 interpretem
1045 3073 1235 3138 Armenium
1258 3082 1345 3137 nerto
1368 3072 1480 3157 legisse
1504 3073 1538 3136 in

433 3202 492 3243 suo
506 3177 693 3264 apographo
708 3178 821 3242 Graeeo
836 3177 911 3257 ἀνὴρ
921 3177 1111 3257 Ἀλκάνδρος,
1124 3176 1173 3239 vel
1185 3175 1261 3260 quid
1272 3174 1385 3238 simile.
1417 3174 1539 3238 Verum

434 3281 534 3346 refert
558 3279 618 3356 ille,
636 3280 753 3343 habere
768 3280 890 3343 Amen.
907 3280 1024 3364 Ieteep.
1041 3277 1074 3341 in
1092 3278 1221 3344 Oenone
1241 3276 1373 3341 Eusebii
1392 3277 1540 3341 auritum

434 3381 613 3448 Akeedrae.

482 3485 519 3547 P.
537 3486 609 3568 258.
625 3484 646 3547 l.
664 3502 693 3549 2.
708 3487 850 3563 βασιλεῖς
864 3479 937 3569 l5'·]
955 3480 1060 3545 Immo
1076 3480 1235 3545 conversis
1254 3479 1470 3545 numeralibus
1489 3501 1539 3543 re-

433 3609 490 3672 ges
505 3582 566 3666 ffl'·
583 3606 655 3671 290.
668 3585 701 3648 in
715 3583 977 3649 antecedentibus
991 3589 1196 3668 praestentur.
1233 3581 1405 3646 Geronteon
1415 3582 1538 3645 Armet.

434 3688 580 3773 agnoseit
594 3709 684 3773 reges
700 3707 752 3772 92.
767 3708 869 3751 annos
885 3705 979 3751 2121.

481 3790 565 3853 Ibid.
580 3789 600 3853 l.
617 3810 648 3876 3.
665 3789 715 3869 ἔτη
729 3786 846 3875 penest]
862 3790 912 3852 At
930 3788 967 3852 lit
987 3808 1111 3851 summa
1131 3809 1172 3851 ex
1190 3785 1330 3850 numeris
1350 3785 1539 3849 anteceden-

433 3892 522 3956 tibus
539 3892 634 3957 2216.
648 3891 769 3974 absque
783 3888 915 3953 Amosis
928 3887 1013 3974 regis
1026 3888 1119 3953 annis
1135 3889 1153 3954 2'
1154 3903 1187 3973 5.

814 4039 1053 4105 DYNASTIA
1075 4039 1160 4104 XX.

479 4162 562 4224 lbid.
579 4160 600 4224 Ι.
620 4181 667 4222 10.
684 4161 735 4238 ἔτη
749 4158 836 4244 ρλὲ]
852 4158 933 4224 Seal.
948 4157 1019 4240 ρκε’.
1034 4156 1142 4223 Eeeeb.
1160 4159 1293 4243 Dyuuel.
1307 4154 1381 4236 pon'.
1427 4153 1536 4219 Etueb.

438 4264 550 4327 Geren.
566 4266 692 4326 Armee.
712 4278 781 4343 172.

802 4394 1041 4460 DYNASTIA
1063 4394 1168 4461 XXI.

478 4536 562 4600 Ibid.
577 4534 597 4598 l.
619 4553 665 4616 ¹5·
681 4532 734 4617 Γ]
751 4531 885 4615 δμωαί
903 4540 999 4596 aeter
1022 4540 1080 4607 vc'.
1097 4552 1191 4615 quem
1216 4529 1357 4615 Scaliger
1379 4536 1455 4593 ante
1471 4530 1537 4593 Go-

432 4660 526 4703 arum
551 4658 590 4700 ex
617 4632 741 4698 mechir·
763 4635 894 4717 aynae.
920 4638 1113 4695 eoi-rexerat.
1159 4630 1277 4695 Itidem
1303 4634 1470 4694 emendate
1495 4628 1536 4704 ζ’.

432 4739 568 4824 Sfflseelli
582 4739 660 4802 MS.
676 4736 756 4799 alter
766 4735 943 4810 Parisinus,
959 4741 993 4797 et
1010 4754 1093 4796 nune
1112 4731 1220 4796 Cleon.
1240 4732 1427 4795 Antoninon.

477 4841 561 4906 Ibid.
576 4840 597 4903 l.
620 4842 666 4902 16.
684 4836 827 4921 Σμενδῆς]
854 4835 909 4899 Ite
923 4838 1003 4899 MS.
1018 4834 1097 4898 aller
1111 4833 1221 4898 Paris.
1241 4840 1275 4897 et
1295 4831 1450 4917 Sealieeei
1469 4833 1536 4896 Eu-

430 4942 488 5008 rel.
510 4942 635 5022 Σμένδις
655 4938 760 5003 Eitea.
781 4938 926 5022 Syncelli,
943 4944 977 5001 et
997 4936 1106 5000 Burei.
1123 4938 1252 4999 Amen.
1275 4932 1387 4999 Euseb.
1402 4933 1537 4996 Latinus

432 5044 589 5110 Samaeis
600 5042 646 5105 vel
660 5041 810 5105 Smeedie.
847 5044 961 5119 Σμεδῆς
974 5040 1128 5102 Guarinus
1140 5037 1275 5122 Syaeelli
1285 5046 1392 5111 taetus,
1404 5038 1536 5115 Σμερόἣς

434 5146 517 5211 Seal.
528 5145 561 5208 in
574 5143 722 5227 Africani
732 5127 815 5226 Dea.
855 5140 952 5204 Nune
967 5149 1000 5204 et
1014 5139 1197 5203 Dindorlius
1214 5140 1345 5216 Σμευδῆς
1359 5134 1490 5220 recepit.

477 5245 835 5328 Ibid.l.17.uov‹rtvns
857 5241 876 5321 ἢ
900 5241 1068 5324 beaviens]
1098 5239 1153 5304 Ita
1178 5238 1311 5322 δμωαί
1338 5238 1410 5302 MS.
1428 5237 1535 5302 Perit.
