3917 6467
436 1088 501 1150 452
806 1086 1161 1152 ANNOTATIONES

440 1254 528 1337 sephi
544 1253 664 1316 obitum
681 1252 844 1336 Musisque
858 1255 1004 1317 exodum.
1028 1255 1134 1318 Immo
1146 1264 1320 1340 postquam
1336 1257 1402 1320 baee
1416 1256 1511 1340 scripsi,

439 1362 490 1418 tot
515 1357 556 1418 ad
580 1378 676 1417 unum
697 1377 806 1426 annos,
830 1357 882 1439 qui
905 1364 979 1420 sunt
1005 1377 1076 1435 144,
1099 1357 1174 1420 huic
1196 1357 1353 1442 temporis
1375 1357 1513 1420 intervallo

439 1457 579 1519 tribuere
591 1457 653 1519 vidi
665 1479 734 1519 curn
747 1465 884 1519 veterem
895 1458 1080 1540 scriptorem
1093 1458 1280 1534 Eusebium,
1291 1465 1362 1522 tum
1373 1458 1515 1521 Ueseriun

439 1557 471 1618 in
489 1557 685 1641 Olmrwloyia
705 1580 762 1620 sua
779 1559 878 1620 Sacra
898 1559 955 1620 sub
976 1559 1044 1621 init.
1061 1581 1130 1642 cap.
1147 1558 1191 1620 xi.
1238 1565 1400 1622 Attamen
1417 1557 1442 1620 si
1459 1556 1515 1620 anni

438 1659 549 1722 Josuae
567 1660 684 1722 fuerint
701 1677 750 1739 27,
767 1682 829 1721 non
851 1681 868 1724 2
869 1679 903 1743 5,
919 1660 1080 1722 biennium
1099 1660 1280 1724 deducatur
1299 1668 1436 1744 oportet.
1476 1658 1516 1719 Vi·

438 1762 522 1825 desis
544 1785 614 1845 quae
636 1785 733 1846 supra
753 1763 902 1826 annotari
925 1785 998 1848 pag.
1014 1783 1088 1847 432.
1132 1763 1211 1826 Jam
1229 1785 1317 1837 vero,
1333 1771 1370 1826 ut
1391 1784 1455 1825 rem
1474 1762 1515 1824 ab·

438 1863 576 1936 00110110
595 1863 767 1925 numeratis
782 1863 873 1925 annis
887 1863 947 1925 illis
958 1867 1055 1946 3563.
1069 1865 1111 1926 ad
1124 1863 1148 1925 J
1150 1864 1261 1947 osephi
1278 1864 1413 1937 obitum,
1426 1862 1518 1925 exinde

445 1983 512 2042 144.
528 1964 569 2025 ad
587 1963 688 2025 blosis
708 1985 879 2046 egressum,
894 1973 963 2026 turn
985 1964 1076 2026 annis
1098 1966 1172 2046 675,
1188 1964 1230 2026 ad
1254 1963 1414 2026 Samuelis
1433 1963 1517 2036 finan,

439 2086 518 2147 quos
532 2065 599 2148 ipse
615 2065 741 2146 collegit
755 2074 867 2127 auctor
878 2075 987 2129 noster
997 2066 1029 2127 in
1042 2067 1138 2127 Num.
1151 2088 1228 2126 xxu.
1242 2073 1408 2147 postremo
1422 2064 1518 2126 additis

437 2165 529 2227 annis
541 2167 591 2248 65.
604 2166 747 2248 quesnel
758 2167 874 2250 plures,
887 2188 1052 2229 numerare
1061 2167 1129 2248 jam
1141 2166 1342 2229 ostendimus
1353 2166 1518 2230 Africanum

436 2287 457 2328 a
472 2266 625 2328 Samuelis
645 2268 706 2329 line
726 2268 767 2330 nd
790 2290 889 2351 usque
904 2268 1080 2330 Salomonis
1101 2289 1220 2330 annum
1242 2278 1400 2351 partam,
1416 2266 1518 2331 conici

437 2379 510 2432 etur
524 2392 563 2431 ex
579 2369 628 2431 bis
643 2370 781 2432 numeris
796 2369 887 2432 simul
902 2369 1079 2451 conjunctis
1092 2391 1214 2431 summa
1232 2391 1393 2432 annorum
1406 2387 1518 2450 44470

438 2469 563 2533 Mundo
586 2471 722 2533 Condito
743 2471 785 2534 ad
807 2471 941 2534 eundem
962 2469 1138 2533 Salomonis
1157 2490 1288 2532 annum.
1334 2470 1410 2553 Ipse
1429 2481 1517 2534 autem

437 2581 547 2635 noster
569 2572 619 2635 ille
635 2572 817 2647 Africanus,
834 2572 860 2634 si
884 2572 962 2635 fides
987 2570 1123 2654 Georgia
1147 2569 1294 2652 Syneello
1318 2571 1461 2634 habenda
1479 2580 1517 2633 est

439 2673 470 2734 in
489 2673 574 2753 ῥήσει
594 2673 737 2757 proxime
755 2681 829 2757 post
848 2695 869 2736 a
885 2694 936 2735 me
955 2672 1063 2748 allata,
1078 2693 1178 2734 annos
1197 2670 1370 2755 colligebat
1383 2692 1472 2756 4457.
1485 2672 1516 2734 ad

436 2797 555 2837 annum
570 2783 705 2837 alacrem
719 2773 808 2858 regni
824 2773 1012 2846 Salomonis,
1028 2773 1087 2835 hoc
1107 2781 1168 2847 cst,
1182 2795 1284 2836 annos
1305 2791 1402 2857 4453.
1417 2774 1456 2836 ad
1473 2795 1515 2835 an·

436 2897 511 2937 num
526 2875 666 2957 ejusdem
681 2874 769 2957 regni
785 2882 944 2957 quartum.
984 2871 1058 2935 Solo
1073 2894 1148 2955 crgo
1163 2873 1316 2936 sexennio
1330 2874 1399 2937 haec
1413 2895 1514 2937 summa

435 2977 476 3038 ab
491 2976 594 3039 altera
608 2991 704 3056 4447.
720 2974 898 3057 discrepare
914 2974 1049 3037 videtur.
1095 2972 1283 3042 Quinetiam
1303 2975 1399 3038 modo
1419 2976 1514 3039 iterun

434 3079 505 3141 illos
528 3078 740 3156 numeraveris
762 3098 862 3139 annos
884 3080 979 3158 3563.
996 3076 1037 3138 ab
1060 3076 1145 3138 Orbe
1168 3074 1307 3139 Condito
1332 3077 1374 3139 ad
1402 3074 1513 3160 Josephi

435 3182 567 3256 obitum,
584 3191 652 3243 turn
676 3179 746 3241 illos
765 3200 834 3256 144.
849 3178 892 3240 ad
914 3177 1014 3239 blesis
1035 3198 1206 3261 egressum,
1222 3178 1337 3240 deinde
1359 3179 1416 3241 hos
1433 3199 1513 3242 annos

437 3301 510 3362 740,
526 3283 565 3344 de
588 3282 701 3364 quibus
724 3281 774 3343 hic
796 3280 913 3363 agitur,
935 3278 1100 3361 colligetur
1124 3278 1250 3361 quidem
1274 3280 1386 3341 eadem
1412 3300 1513 3343 summa

434 3405 530 3463 4447.
547 3385 651 3445 cedre
672 3383 715 3444 sie
736 3405 769 3444 sc
789 3382 935 3454 habente,
952 3380 1043 3441 nobis
1064 3379 1169 3442 licebit
1188 3380 1295 3462 plures
1317 3405 1417 3445 annos
1438 3402 1512 3465 quam

434 3487 513 3548 istos
536 3504 632 3564 4447.
658 3484 811 3566 colligere,
834 3482 892 3544 nisi
925 3483 1010 3564 ipsos
1039 3499 1134 3563 4453.
1160 3504 1197 3543 eo
1224 3485 1310 3564 quod
1335 3485 1431 3546 refert
1453 3484 1512 3565 Syn·

433 3587 528 3649 cellus
543 3586 693 3648 statuisse
711 3585 895 3646 Africanum
910 3586 984 3661 ὑπὲρ
999 3587 1035 3644 τὰ
1051 3582 1119 3663 'pass
1136 3583 1199 3644 sive
1220 3605 1322 3645 anuos
1341 3607 1436 3667 snpra
1457 3602 1512 3664 740.

434 3690 475 3751 ab
493 3688 605 3749 Exodo
623 3687 723 3748 blesis
738 3687 779 3748 ad
795 3686 853 3746 hoc
870 3694 994 3767 tempus
1010 3685 1195 3766 computari.

478 3790 584 3853 Facile
607 3810 700 3871 porro
724 3786 842 3869 poterit
866 3786 976 3847 eadem
1001 3786 1124 3847 ostendi
1147 3786 1367 3849 convenientia
1390 3806 1513 3848 numero

433 3913 554 3953 rumex
570 3911 722 3951 annorum
740 3910 872 3961 summa,
888 3887 1080 3970 singulisque
1100 3889 1166 3970 ejus
1189 3889 1346 3970 partibuS,
1362 3887 1512 3971 (40010101-

432 3993 508 4076 legit
526 3992 695 4053 Africanus
717 4014 737 4051 a
761 3989 884 4051 blundo
905 3988 1041 4050 Condito
1063 3990 1103 4050 ad
1127 3989 1245 4050 Christi
1264 3991 1306 4050 D.
1321 3990 1361 4051 N.
1379 4010 1514 4052 resurrec

431 4095 558 4156 tionem.
607 4093 716 4174 Neque
738 4092 797 4152 hoe
822 4090 980 4163 omittam,
997 4090 1096 4152 inulta
1120 4112 1228 4152 eorum
1254 4113 1326 4172 quae
1352 4115 1446 4175 supra
1467 4104 1515 4152 stn-

430 4203 502 4257 tuta
525 4203 608 4266 0001,
626 4193 743 4254 11101011
766 4191 865 4253 reteri
890 4192 1026 4272 quodam
1051 4192 1240 4273 epocharum
1259 4193 1412 4254 Africano
1435 4194 1516 4256 tribu

430 4305 534 4357 tarum
559 4295 712 4365 lieceusu,
734 4315 826 4376 quem
850 4292 974 4375 quidem
998 4305 1069 4374 post
1092 4293 1158 4354 herc
1181 4293 1378 4375 Fragmenta
1402 4317 1432 4377 p.
1454 4313 1515 4377 309.

430 4397 587 4459 collocari.

474 4498 600 4560 Interea
623 4519 672 4558 rue
699 4497 791 4580 fugit,
815 4498 972 4578 quomodo
999 4496 1058 4557 sibi
1085 4495 1263 4557 consentire
1286 4497 1409 4557 censeri
1433 4495 1517 4580 possit

429 4599 598 4682 syncellus,
616 4600 691 4659 dnm
707 4621 777 4680 pag.
796 4616 845 4677 79.
867 4597 1122 4680 Chronoqrapain
1137 4619 1201 4658 suae
1217 4597 1340 4672 scribit,
1357 4621 1420 4659 non
1436 4611 1517 4681 pctu-

428 4700 487 4761 isse
511 4721 573 4760 non
601 4700 793 4772 Africanum,
816 4709 984 4781 propterea
1008 4699 1090 4779 quod
1114 4720 1213 4759 annos
1235 4700 1436 4780 1300010110
1458 4707 1520 4782 post

427 4801 576 4862 diluvium
602 4800 767 4870 omisisset,
784 4822 804 4861 a
823 4799 933 4860 Jcsueu
955 4798 1181 4881 Senioruruque
1202 4807 1347 4881 tempore
1368 4800 1520 4883 usquead

427 4901 500 4963 Heli
516 4912 549 4963 et
565 4901 742 4962 Samuelem
762 4921 861 4961 annos
881 4922 978 4982 prope
999 4921 1069 4976 140.
1087 4922 1251 4983 perperam
1273 4902 1411 4973 addere;
1439 4902 1521 4984 hujus

425 5003 508 5064 enim
534 5002 632 5085 ipsius
659 5001 792 5084 Syncelli
821 5001 1017 5082 computatio
1043 5002 1084 5062 ab
1111 5002 1220 5063 eodeni
1248 5009 1394 5084 tempore
1420 5004 1520 5064 Josuae

425 5102 653 5185 seniorumque
668 5104 709 5165 ad
727 5102 880 5165 Samuelis
894 5102 990 5163 finem
1005 5103 1157 5183 perducta
1174 5103 1212 5163 ab
1226 5103 1372 5166 Africani
1391 5102 1521 5165 numeris
