3917 6467
424 1093 491 1159 886
789 1086 1141 1155 ANNOTATIONES

428 1262 554 1341 βίβλον,
568 1259 605 1336 ἣν
616 1260 654 1324 ὡς
666 1257 745 1340 μέγα
756 1260 854 1338 χρῆμα
865 1258 1019 1336 Αἶγὺιπιοι
1030 1254 1217 1336 περιέπουσι.
1258 1253 1431 1317 Praesente
1440 1275 1501 1316 nunu

432 1361 594 1426 Armeniae
614 1358 772 1422 versionis
796 1356 1058 1442 interpretatione
1074 1356 1202 1432 Latina,
1221 1356 1276 1441 qui
1294 1366 1321 1418 a
1339 1353 1468 1439 ιοροιὺιι
1480 1356 1503 1417 iu

434 1464 517 1526 Deos
529 1462 665 1524 iuvemus
677 1469 729 1523 ost.
758 1458 968 1543 Spumlliooau
980 1458 1125 1522 Africani
1136 1467 1234 1522 imus
1243 1457 1343 1521 habet
1352 1461 1369 1520 ὑ
1379 1460 1506 1536 Περόπης

431 1584 490 1647 pro
504 1563 679 1641 ὑπερόπτης,
691 1571 725 1625 ct
740 1561 863 1625 Goarns
874 1560 980 1635 vertit,
990 1559 1071 1623 idon
1083 1561 1223 1644 Paropos
1233 1558 1342 1621 didas
1379 1556 1457 1620 Hinc
1466 1555 1505 1619 Jo

431 1686 530 1728 annes
551 1663 767 1736 Marsluamus‚
784 1662 831 1725 vir
852 1660 1094 1737 eruditissimus,
1113 1661 1147 1723 iu
1168 1660 1315 1723 Chronico
1338 1660 1450 1722 cam
1467 1679 1508 1721 suu

432 1786 503 1849 pag.
510 1784 546 1847 5¹
557 1815 562 1826 .
575 1763 677 1826 locum
690 1763 735 1827 ita
744 1763 864 1838 attulit,
875 1763 960 1829 οὑτος
969 1764 1001 1826 δὲ
1012 1763 1059 1826 καὶ
1069 1763 1228 1842 περιόπτης
1240 1763 1283 1827 εἷς
1294 1760 1391 1825 Θεοὺς
1402 1759 1508 1840 ἐγένετο,

431 1866 480 1928 lio
494 1865 584 1928 otiam
597 1865 808 1949 watooplator
822 1865 856 1927 ιἰι
869 1862 1037 1948 Decessit,
1048 1863 1181 1948 praelato
1195 1862 1256 1926 hoc
1271 1862 1455 1926 Eusebianos
1467 1861 1509 1924 leo

432 1965 523 2040 tioni,
535 1974 647 2049 utpote
663 1988 733 2049 quae
746 1965 902 2050 posterior
916 1973 966 2028 est
978 1964 1142 2038 Africano,
1154 1963 1207 2047 qui
1219 1963 1328 2026 hausit
1339 1985 1397 2026 sna
1409 1985 1446 2026 ex
1456 1962 1509 2024 Mu

433 2069 580 2130 nothone.
626 2067 764 2151 Propter
779 2067 810 2129 id
827 2089 900 2130 vero
916 2088 988 2129 cnm
1003 2087 1078 2129 voce
1093 2087 1152 2128 sua
1166 2064 1255 2127 nihili
1274 2067 1430 2144 περιόπτης
1446 2064 1509 2127 iden

435 2169 639 2232 Marshamus
664 2167 793 2252 vapulat
823 2190 845 2231 a
870 2167 1033 2230 Perizonio
1064 2167 1097 2228 in
1124 2167 1251 2250 AEppqot.
1278 2166 1363 2251 Θήρ.
1389 2166 1508 2248 lamio.

432 2291 502 2353 cap.
518 2270 578 2332 xiv.
591 2294 621 2354 p.
636 2288 708 2352 272.
746 2269 816 2349 Qua
831 2269 959 2354 quidem
974 2290 1010 2331 re
1023 2267 1159 2331 fortasse
1175 2267 1336 2350 ignorata,
1350 2268 1410 2330 huc
1423 2266 1510 2331 attulit

434 2371 640 2435 Manethonis
655 2370 757 2433 locum
773 2372 859 2455 apud
873 2372 896 2432 J
899 2370 1051 2453 osephum
1066 2373 1182 2433 Contra
1193 2370 1346 2453 Apionem
1356 2370 1408 2432 lib.
1420 2371 1446 2432 l.
1457 2391 1507 2452 usp.

435 2478 485 2536 uo.
499 2476 537 2538 cl.
554 2474 795 2538 Warburtonus
809 2473 840 2535 in
853 2473 927 2535 Diu.
942 2473 1044 2556 Lapat.
1057 2471 1154 2534 Μοςιζς
1163 2470 1218 2534 lib.
1230 2471 1262 2533 ii.
1272 2479 1352 2534 sect.
1366 2493 1397 2550 4.
1412 2493 1440 2554 p.
1457 2472 1509 2551 263.

433 2577 493 2639 vol.
513 2578 540 2638 l.
557 2576 597 2639 de
613 2575 801 2658 Amcnophe
820 2596 893 2658 rege
914 2574 990 2637 item
1006 2573 1174 2658 AEgyptio‚
1191 2572 1246 2656 qui
1267 2573 1412 2637 ultimum
1430 2571 1509 2634 locun

433 2678 532 2742 habet
561 2677 727 2762 Dyuastiae
756 2676 886 2739 decimae
916 2682 1048 2750 octavae,
1074 2674 1122 2737 vel
1151 2674 1259 2758 potins
1288 2675 1417 2737 decimae
1442 2692 1510 2735 nona

434 2778 576 2854 tertium,
603 2779 684 2856 Φησὶ
709 2777 895 2861 (Manetho)
923 2782 1029 2839 τοῦτον
1053 2778 1231 2854 ἐπιθυμῆσαι
1257 2780 1349 2840 Θεόν
1379 2774 1511 2856 γεγονέναι

435 2885 622 2955 ΘΕΑΤΗΝ,
638 2876 847 2959 ὥσπερὮρος
866 2879 908 2944 εἶς
928 2883 986 2940 τῶν
1006 2878 1063 2957 πρὸ
1084 2878 1173 2940 αὑτοῦ
1190 2879 1453 2955 βεβασιλευκόταν
1469 2875 1509 2936 &u

435 3002 506 3065 qnae
522 2981 648 3064 quidem
663 3002 724 3043 vox
740 2980 848 3058 θεατὴν
863 2979 948 3063 apud
963 2978 1150 3063 ‹losephum
1167 2977 1250 3042 sicut
1265 2978 1358 3053 infra,
1368 2976 1513 3062 exponitur

435 3105 492 3167 per
512 3083 545 3145 τὸ
562 3082 659 3148 Θεοὺς
681 3085 764 3145 ἰδεῖν.
811 3082 913 3144 Addit
934 3080 996 3155 ille,
1012 3080 1096 3164 quod
1111 3103 1186 3144 vcro
1206 3080 1292 3143 hand
1314 3080 1452 3143 absimile
1469 3089 1512 3150 est,

436 3184 621 3259 Eusebium,
637 3205 708 3247 cum
724 3205 832 3246 vocem
846 3185 1011 3262 ὑπερόπτης
1024 3182 1208 3257 inuenisset,
1223 3181 1285 3245 loci
1300 3182 1361 3244 sibi
1381 3181 1438 3265 ipsi
1457 3199 1512 3243 con·

435 3285 561 3349 ciliandi
592 3307 668 3369 ergo
698 3284 947 3368 resipiscentiam
974 3284 1068 3368 regis,
1092 3284 1132 3346 de
1159 3306 1223 3366 qua
1252 3282 1331 3346 nihil
1357 3282 1515 3352 Africanus,

436 3408 708 3450 commemorasse.
750 3386 842 3460 Esto,
859 3385 966 3468 accipe
982 3407 1054 3447 vero
1072 3406 1153 3447 nnnc
1168 3386 1295 3448 demum
1311 3386 1444 3449 alterum
1456 3384 1514 3447 Idb'

436 3499 498 3552 tara
514 3486 697 3549 Parisiorum
719 3486 872 3548 Africano
888 3508 1012 3569 qnoque
1027 3488 1191 3566 ὑπερόπτης
1206 3487 1469 3570 suppeditantem.

481 3592 517 3651 P.
536 3608 608 3672 250.
625 3587 645 3649 l.
664 3606 692 3650 2.
713 3589 760 3650 καὶ
786 3588 839 3664 τὴν
862 3591 944 3668 ἱερὸν
966 3588 1141 3669 συνέγραψε
1164 3590 1435 3680 ssissboulldtiam
1457 3587 1518 3667 ἱερὸν

435 3694 531 3772 λόγου
545 3689 671 3772 scripsit
688 3690 826 3751 Hermes
842 3689 1077 3773 Trismcgistus,
1091 3691 1181 3772 cnjus
1195 3691 1319 3772 χρήσεις
1338 3714 1401 3754 non
1422 3706 1518 3774 paucus

436 3792 583 3875 producit
610 3791 758 3853 Stobaeus
786 3791 817 3852 in
835 3791 987 3873 Physicis.
1045 3792 1206 3855 Praetercu
1233 3792 1390 3877 Dialogus
1418 3792 1467 3854 ille
1491 3788 1519 3851 ub

438 3894 574 3976 Apuleio
587 3893 722 3955 Latinus
733 3893 835 3954 lactus
848 3892 1038 3974 praeferebat
1050 3892 1176 3955 titulum
1189 3895 1269 3973 ὑεροὺ
1279 3897 1377 3975 λόγου
1387 3895 1419 3957 in
1431 3913 1520 3955 mauu·

437 3995 573 4078 scriptis.
599 3996 689 4080 §cun
718 3993 812 4054 Notis
823 3993 857 4054 io
879 3996 993 4054 Groeco
1009 3992 1136 4055 Eusebii
1150 4016 1181 4077 p.
1197 3976 1271 4068 412.

483 4097 563 4159 Ibid.
581 4097 601 4158 l.
618 4117 648 4180 3.
664 4095 701 4172 ἣν
716 4097 754 4161 ὡς
768 4094 846 4174 μέγα
861 4099 960 4175 χρῆμα
975 4098 1009 4157 ἐν
1025 4098 1162 4179 Αἰγύπτῳ
1179 4098 1342 4174 γενόμενος
1358 4092 1522 4177 ἐκτησάμην,

439 4199 511 4260 Ηοο
535 4197 648 4259 saltem
672 4219 712 4258 ex
737 4218 834 4258 mann
859 4196 1013 4267 Africani,
1033 4218 1096 4259 non
1124 4197 1338 4272 Manethonis,
1364 4201 1523 4281 profectum

438 4300 571 4362 videtur.
619 4296 702 4361 Illud
723 4319 797 4359 vero
821 4297 860 4360 de
880 4297 1039 4360 Herodoti
1059 4298 1137 4373 loco,
1153 4298 1290 4360 scribe're
1307 4299 1466 4361 Manetho
1484 4319 1524 4382 po

437 4407 534 4475 terat,
546 4399 609 4482 qui,
622 4407 705 4461 teste
716 4397 740 4460 J
742 4399 860 4481 osepho
875 4398 929 4459 lib.
944 4397 969 4460 Ι.
983 4399 1095 4460 Contra
1105 4398 1256 4482 Apiooom
1271 4420 1339 4482 cap.
1352 4400 1392 4462 iv.
1405 4423 1435 4483 p.
1450 4400 1526 4484 1336.

438 4501 486 4563 ed.
504 4501 650 4561 Hudson.
666 4504 717 4576 τῆς
731 4497 912 4577 Ἑλληνικῆς
933 4499 970 4576 ἣν
991 4500 1180 4579 μετεσχηκὼς
1201 4501 1345 4564 παιδείας.
1393 4500 1527 4563 Ceterum

438 4600 477 4663 de
493 4599 621 4662 Eusebii
638 4600 750 4674 verbio,
763 4603 878 4678 βίβλον
892 4599 929 4676 ἣν
941 4602 979 4665 ὡς
989 4599 1068 4680 μέγα
1079 4603 1178 4679 χρῆμα
1189 4601 1347 4679 Αἰγύπτιοι
1356 4603 1527 4680 περιέπουσι,

437 4724 507 4784 qnae
530 4701 600 4763 loco
621 4701 734 4763 horum
766 4701 909 4763 Africani
936 4701 1055 4783 posuit,
1081 4702 1128 4762 ita
1154 4698 1295 4783 Scaliger
1322 4701 1341 4763 l.
1359 4724 1386 4766 c.
1433 4711 1453 4740 “
1470 4703 1529 4764 Non

439 4810 459 4840 “
476 4802 607 4864 dubium
621 4811 680 4875 est,
697 4801 772 4884 quin
789 4802 935 4885 AEgyptii
951 4803 990 4867 ὦς
1003 4801 1082 4881 μέγα
1096 4805 1196 4882 χρῆμα
1210 4800 1297 4862 illum
1316 4802 1467 4877 habeant,
1483 4801 1527 4866 sod

438 4910 458 4939 “
474 4903 588 4965 falsum
603 4912 653 4964 est
668 4902 728 4964 hoc
743 4901 878 4965 voluisse
893 4903 1092 4975 Africanum,
1109 4902 1162 4984 qui
1179 4905 1300 4981 ἑρμαίαν
1315 4903 1386 4966 loco
1403 4905 1490 4979 dicit,
1502 4924 1529 4964 so

439 5011 458 5038 “
475 5004 535 5066 hoc
550 5003 694 5067 volumen
710 5012 839 5065 nactum
854 5003 959 5065 fuisse.
1006 5003 1070 5065 Sed
1085 5002 1226 5064 solennia
1246 5002 1458 5069 hallucinatur
1473 5006 1525 5068 Eu·

436 5110 456 5139 ‘⁶
474 5105 607 5168 sebius.‘'
654 5106 708 5167 Ita
727 5104 789 5179 illc,
805 5103 939 5168 forsitan
955 5126 1030 5167 vero
1050 5104 1168 5167 rectius
1182 5104 1310 5182 dixeris,
1327 5107 1424 5171 verba
1439 5109 1478 5172 de
1491 5108 1526 5168 in-
