3917 6467
703 1108 751 1173 IN
774 1107 997 1173 AFRICANI
1020 1104 1263 1172 CHRONIOA.
1470 1108 1535 1172 427
1585 1205 1587 1210 ,

428 1269 508 1333 illud
524 1268 688 1334 Persicum
701 1269 913 1335 constitutum
933 1277 993 1345 est,
1009 1267 1104 1332 linem
1123 1264 1331 1351 captivitatis,
1345 1287 1399 1329 seu
1419 1286 1534 1330 mmm

422 1379 565 1464 primam
579 1379 653 1465 eyn·
668 1388 702 1445 et
716 1382 779 1445 fine
792 1380 865 1443 libri
881 1379 1025 1445 Chaonio.
1038 1386 1072 1443 et
1085 1378 1127 1442 ab
1143 1376 1227 1442 Enna
1241 1381 1534 1455 commemoratum,

425 1480 541 1566 affigas
561 1503 688 1546 neccsse
709 1482 781 1547 erit.
828 1484 904 1546 Hoc
925 1490 1035 1546 autem
1056 1488 1183 1564 tempus
1204 1499 1276 1542 cum
1291 1477 1415 1562 Olymp.
1431 1498 1485 1562 55.
1507 1498 1532 1541 1.

427 1582 558 1646 minime
579 1584 735 1649 convenit.
782 1585 837 1648 Ad
855 1586 933 1658 haec,
950 1583 1101 1669 quoniam
1126 1604 1236 1646 omnes
1257 1581 1331 1665 eyn·
1353 1580 1437 1666 regis
1458 1580 1533 1644 anni

428 1684 517 1749 intra
531 1684 667 1771 triginta
681 1686 847 1764 sistuntur,
862 1694 961 1772 atque
975 1686 1093 1750 idcirco
1107 1685 1193 1749 inter
1207 1684 1333 1749 initium
1352 1684 1430 1748 illud
1444 1684 1534 1769 regni

428 1787 586 1862 zedeciae,
602 1788 699 1871 quod,
714 1797 752 1853 ut
767 1789 843 1866 dixi,
854 1789 984 1854 Persico
998 1810 1097 1874 regno
1109 1788 1187 1873 Cyri
1201 1810 1302 1853 annos
1317 1787 1444 1852 circiter
1458 1808 1534 1871 qua-

426 1889 579 1975 draginta
593 1890 726 1974 praeivit,
739 1898 773 1955 et
784 1891 869 1955 inter
882 1891 986 1976 ipsum
999 1891 1097 1956 etiam
1102 1894 1209 1974 finem
1223 1912 1287 1954 non
1297 1890 1432 1967 initium
1444 1890 1534 1975 regni

427 1990 517 2076 Cyri,
544 1991 620 2055 anni
646 1991 860 2057 intercessisse
889 2001 1017 2057 tantum
1046 1993 1251 2078 septuaginta
1276 2001 1406 2077 queunt,
1431 1991 1535 2056 verior

427 2095 556 2159 videtur
569 2093 623 2157 illa
638 2115 710 2158 aum
726 2102 868 2158 veterum
882 2102 953 2159 tum
966 2095 1179 2160 recentiorum
1193 2093 1309 2180 opinio,
1326 2116 1390 2179 qua
1407 2101 1533 2179 septua-

425 2196 520 2281 ginta
533 2194 609 2259 anui
624 2194 757 2280 coepisse
771 2202 959 2260 statuuntur
972 2218 994 2260 a
1014 2195 1119 2281 priore
1138 2202 1231 2280 parte
1250 2196 1340 2281 regni
1359 2197 1382 2259 J
1384 2195 1532 2273 oachimi,

427 2296 557 2382 quando
579 2296 799 2381 captivitatem
821 2296 917 2361 istem
937 2297 1088 2383 praedixit
1103 2296 1293 2374 Hieremias,
1310 2305 1344 2362 et
1365 2298 1458 2362 multi
1479 2320 1533 2361 no

427 2400 509 2463 biles
522 2398 641 2483 captivi
655 2398 698 2464 ad
713 2398 910 2482 Babylonem
925 2398 1013 2462 ducti
1029 2406 1113 2475 sunt,
1129 2398 1415 2483 stipendiariusque
1429 2399 1534 2463 factus

427 2510 479 2566 est
497 2501 697 2565 Joacbimus.
743 2501 866 2565 Saltem
887 2501 1082 2591 computatis
1103 2523 1214 2587 regum
1231 2503 1420 2567 Judaeorum
1442 2502 1534 2566 annis

428 2626 493 2669 non
507 2612 615 2690 potest
630 2625 694 2668 uon
708 2604 878 2670 retractari
893 2604 1028 2669 servitus
1043 2605 1085 2667 ad
1100 2611 1245 2689 tempora
1263 2612 1339 2669 ante
1354 2604 1533 2683 Zedeciam,

427 2707 456 2771 si
477 2706 582 2771 altera
603 2706 726 2791 epocha
746 2705 930 2789 Babylonici
951 2706 1026 2789 Cyri
1048 2706 1182 2791 imperii,
1199 2706 1324 2792 Olymp.
1342 2709 1394 2772 60.
1411 2728 1443 2792 3.
1462 2728 1534 2771 cum

427 2807 493 2872 fine
507 2806 705 2892 captivitatis
719 2807 896 2884 conveniat,
912 2807 966 2871 illa
981 2807 1065 2871 enim
1079 2808 1174 2871 morti
1190 2808 1265 2893 Gyri
1280 2829 1393 2873 novem
1408 2829 1535 2892 quoque

427 2910 522 2975 annis
541 2910 703 2994 praeeedit.
752 2908 836 2971 Hinc
856 2908 913 2984 illi,
929 2908 984 2993 qui
1004 2908 1135 2994 perinde
1153 2916 1251 2993 atque
1266 2909 1445 2986 Africanus,
1462 2931 1532 2993 cap

428 3011 591 3076 tivitatem
612 3011 654 3074 ab
676 3009 768 3073 initio
787 3009 876 3094 regni
892 3009 1048 3085 Zedeciae,
1062 3011 1191 3093 quando
1210 3011 1294 3095 regis
1313 3011 1427 3095 prioris
1451 3011 1534 3075 filius

428 3112 453 3177 J
454 3112 605 3177 echonias
619 3112 764 3196 captivus
778 3110 936 3174 abductus
949 3118 1009 3184 est,
1026 3110 1203 3188 ordiuntur,
1222 3112 1417 3197 Babylonem
1432 3113 1535 3197 ipsam

428 3236 450 3279 a
461 3214 546 3298 cyro
557 3221 686 3299 captam
702 3212 798 3276 fuisse
809 3212 928 3289 volunt,
938 3213 993 3276 diu
1009 3220 1179 3299 postquam
1189 3214 1353 3292 invaderet
1367 3215 1419 3279 ille
1430 3214 1534 3301 Baby·

428 3315 568 3380 lonicum
582 3314 758 3400 imperium.
804 3314 859 3377 Nil
879 3313 1001 3378 interea
1016 3336 1095 3399 opus
1111 3324 1171 3392 est,
1187 3324 1225 3380 ut
1243 3315 1315 3379 aliis
1335 3317 1534 3400 quorundam

428 3416 632 3502 opinionibus
652 3416 704 3479 hic
727 3415 873 3479 insistam
895 3415 935 3479 de
958 3416 1155 3501 captivitatis
1173 3416 1245 3494 fine,
1267 3439 1339 3481 cnm
1361 3418 1534 3483 Africanus

429 3519 548 3604 palam,
563 3518 603 3581 de
625 3516 714 3602 cujus
735 3517 862 3602 placitis
883 3517 935 3581 hic
956 3518 1059 3581 solnm
1080 3518 1213 3603 agimus,
1228 3541 1313 3584 anno
1334 3519 1437 3605 primo
1456 3520 1534 3604 Cyri

430 3642 506 3684 eum
520 3620 591 3705 plus
605 3618 701 3683 semel
715 3619 932 3704 assignaverit.

476 3724 513 3787 P.
531 3741 604 3803 271.
620 3721 641 3784 l.
660 3741 710 3802 14.
727 3724 865 3785 καὶκατὰ
884 3724 938 3788 τὰς
950 3721 1171 3807 Ὀλυμπιάδας]
1193 3722 1346 3787 Fortasse
1366 3723 1534 3808 legandum

430 3827 480 3889 sul
494 3830 531 3888 rb
547 3827 621 3887 κατὰ
635 3849 661 3887 τ.
677 3823 725 3888 ’0.
761 3824 841 3886 Mox
852 3826 888 3887 rb
903 3825 936 3886 δὲ
950 3823 1008 3904 πρὸ
1025 3824 1135 3888 τούτων
1147 3844 1205 3908 pro
1225 3827 1277 3891 τὰς
1292 3826 1326 3887 δὲ
1346 3849 1377 3887 π.
1388 3849 1414 3886 τ.
1438 3823 1533 3888 scribi

428 3925 596 4011 sequentia
610 3925 785 4010 postulant.

476 4029 515 4090 P.
532 4046 605 4108 272.
620 4026 641 4090 l.
659 4028 689 4090 6.
705 4027 756 4105 ἔτη
778 4025 940 4107 συνάγεται
954 4028 1040 4108 χίλια
1060 4026 1184 4111 εἴκοσιν]
1206 4026 1301 4090 Hanc
1317 4026 1470 4103 Acusilai,
1487 4026 1534 4091 uti

430 4135 564 4192 vocatur
577 4150 598 4192 a
614 4127 774 4212 Scaligero
789 4134 823 4190 et
839 4126 983 4203 Petavio,
994 4128 1265 4211 computationem
1278 4128 1412 4191 inseruit
1431 4128 1535 4192 Ratio-

429 4230 522 4294 sario
544 4251 602 4293 suo
629 4230 729 4313 Toup.
752 4227 903 4291 Patavius
926 4237 1012 4312 part.
1037 4229 1064 4291 1.
1079 4228 1132 4292 lib.
1149 4229 1168 4293 i.
1188 4252 1256 4315 cap.
1274 4252 1304 4309 4.
1350 4229 1464 4293 Posuit
1487 4232 1534 4294 καὶ

429 4339 508 4397 ante
528 4336 641 4396 εἴκοσιν
656 4331 797 4416 Scaliger
816 4353 889 4416 pag.
905 4350 980 4415 359.
1001 4330 1150 4396 Thesauri
1169 4333 1270 4417 remp.
1286 4331 1462 4405 Ecuebbai,
1479 4333 1534 4396 ubi

430 4434 464 4497 in
478 4432 588 4515 Ἱστορ.
605 4437 779 4518 Συναγωγῇ,
796 4453 898 4516 pauca
915 4431 984 4496 hoec
1000 4431 1040 4495 de
1054 4432 1172 4496 diluvio
1187 4432 1353 4518 Ogygiano
1368 4433 1530 4519 reposuit3

429 4535 487 4599 sed
499 4544 533 4598 et
547 4533 642 4619 paulo
656 4533 786 4596 inferius
800 4533 853 4596 lin.
876 4554 922 4611 ¹4·
937 4533 970 4597 bi
986 4534 1108 4596 numeri
1123 4534 1291 4602 ἆσυνδέτως
1304 4534 1488 4600 afferuntur.

478 4636 557 4699 lbid.
572 4635 594 4699 l.
609 4636 639 4699 8.
655 4639 747 4697 ταῦτα
760 4636 819 4716 γὰρ
833 4634 1001 4713 Ἀθηναίων
1016 4637 1202 4715 ἱστοροῦντες
1218 4635 1291 4716 dtu]
1315 4636 1427 4701 Malim
1442 4642 1534 4700 ταῦτα

430 4742 489 4819 γὰρ
505 4740 667 4817 ἱστοροῦσι,
683 4736 789 4799 deleto
803 4735 979 4814 Ἀθηναίων.
1005 4734 1153 4799 vanans.
1199 4736 1282 4800 Cum
1300 4739 1391 4823 plura
1410 4746 1533 4815 extent,

430 4845 469 4901 ut
484 4858 581 4921 supra
595 4836 671 4912 dixi,
687 4836 720 4898 in
739 4835 944 4899 Oclcnoticm
957 4836 1003 4900 cd
1018 4838 1147 4914 Grecos,
1160 4837 1185 4901 J
1186 4837 1293 4902 ustino
1310 4838 1356 4903 M.
1370 4838 1462 4923 vulgo
1477 4838 1532 4902 tri·

430 4939 512 5003 buta
531 4938 625 5015 unde,
638 4936 758 5000 additis
778 4935 849 5000 aliis
868 4937 1075 5021 argumentis,
1089 4938 1237 5003 inductus
1257 4947 1307 5004 est
1327 4940 1360 5002 in
1375 4938 1470 5003 Notis
1489 4939 1532 5001 ud

428 5038 553 5103 Justini
573 5040 620 5101 M.
638 5038 799 5122 Apologias
817 5059 846 5121 p.
865 5056 936 5121 293.
953 5038 1154 5102 doctissimus
1170 5039 1346 5117 Ashtonus‚
1362 5047 1399 5104 ut
1417 5039 1534 5103 librum

430 5161 452 5204 a
474 5140 607 5204 Justino
629 5139 841 5223 abjudicaret,
852 5138 921 5223 jam
947 5161 988 5202 ex
1013 5140 1062 5203 his
1088 5140 1164 5204 locis
1190 5161 1287 5204 unum
1313 5140 1479 5217 adducam,
1496 5150 1534 5205 ut

934 5258 1017 5321 312
