3917 6467
425 1088 490 1149 424
795 1080 1155 1149 Annfflnrlouns

424 1251 593 1337 posteriori
608 1250 785 1334 adjudicari
799 1250 924 1314 debere.
950 1250 1022 1314 vid.
1038 1260 1225 1334 postumam
1239 1248 1311 1333 ejus
1323 1246 1399 1311 edit.
1412 1246 1505 1310 lltriue

424 1375 480 1439 qus
495 1352 587 1435 Apol.
601 1352 722 1415 Juslini
737 1351 952 1435 Cantabrigiae
971 1352 1065 1433 1768.
1081 1373 1113 1436 p.
1129 1369 1206 1434 293.
1254 1348 1385 1414 Interes
1397 1347 1508 1412 ostendit

426 1454 510 1519 Hen.
527 1454 711 1518 Doduellus
725 1453 758 1517 in
777 1454 924 1517 Praelect.
937 1453 1053 1536 Inang.
1066 1452 1117 1516 De
1133 1451 1296 1516 Historia
1310 1452 1428 1516 Gmoe
1438 1450 1510 1514 And

426 1556 559 1640 quitata,
575 1577 671 1640 quam
683 1554 936 1618 Proeleclicnilsu
950 1554 1172 1619 (laudationis
1185 1554 1255 1619 suis
1268 1553 1432 1639 premisit.
1441 1550 1512 1614 umis

424 1656 599 1721 liberaliter
613 1678 685 1720 cum
696 1656 818 1725 Graeeis
832 1655 934 1739 egisse
946 1656 1125 1719 Varronem
1136 1664 1170 1720 et
1181 1662 1297 1740 patres
1308 1654 1443 1719 eeclesia
1451 1652 1514 1717 anti

425 1758 603 1843 quissimos‚
614 1758 666 1842 qui
682 1757 724 1821 ab
738 1757 816 1841 ipsis
827 1756 1071 1841 olympiadibus
1085 1766 1210 1821 cenam
1225 1778 1340 1821 eorum
1354 1755 1515 1819 inchoarent

425 1860 601 1924 historiam.
627 1861 655 1942 ξ.
671 1882 717 1923 ιιι.
733 1883 764 1945 p.
781 1877 834 1942 23.
879 1858 988 1922 Varro
1009 1858 1139 1935 seilicet,
1161 1858 1344 1923 Censorino
1363 1866 1451 1932 toste,
1467 1855 1516 1919 uis

426 1962 609 2026 discrimina
634 1971 814 2045 temporum
839 1983 910 2025 csse
934 1960 1080 2025 tradidit.
1132 1959 1282 2023 Primum
1309 1961 1354 2025 sb
1379 1956 1516 2023 homiuum

427 2063 580 2149 principio
594 2063 635 2127 ad
657 2062 795 2148 priorem
815 2062 1044 2147 cataclysmum
1064 2062 1203 2126 vocabat
1223 2064 1354 2140 ἄδηλον,
1369 2059 1517 2125 secundun

426 2165 557 2229 indeed
572 2165 793 2249 Olympiadem
808 2164 945 2248 primum
964 2165 1099 2244 μυθικὸν,
1115 2165 1254 2230 tertium
1273 2187 1295 2228 ιι
1315 2164 1419 2251 prima
1432 2162 1517 2245 015a

427 2267 522 2352 piade
536 2267 577 2330 ad
594 2288 629 2330 ea
645 2269 803 2345 ἱστορικόν.
827 2267 876 2329 Dc
890 2267 953 2330 Dis
967 2266 1083 2331 Νοιοῐί
1096 2288 1168 2350 cap.
1184 2266 1252 2330 xxi.
1268 2288 1299 2351 p.
1319 2287 1390 2330 ιιι.
1405 2266 1450 2330 cd
1464 2262 1516 2326 Ha

427 2391 586 2454 vercamp.
635 2369 714 2432 Mox
730 2373 851 2448 προτοῦ,
871 2369 958 2431 haud
970 2369 1028 2448 πρὸ
1048 2372 1101 2430 τοῦ
1120 2368 1261 2442 divisim,
1281 2368 1346 2432 etsi
1369 2369 1402 2431 in
1422 2368 1474 2430 hac
1491 2386 1516 2427 rs

429 2469 584 2545 variatur,
600 2469 707 2534 curavi
722 2469 977 2553 imprimendum.

470 2571 509 2635 P.
526 2589 599 2652 270.
617 2571 637 2635 l.
656 2591 680 2634 1.
697 2574 729 2634 οἱ
743 2573 776 2633 δὲ
790 2572 958 2651 ἠκρίβυοτο
973 2571 1112 2657 πολλοῖς]
1129 2571 1344 2636 scribendum
1359 2580 1443 2656 puto.
1457 2569 1517 2632 οἱδὶ

427 2673 572 2753 ἠκρίβουν
586 2676 623 2735 τὰ
638 2676 752 2747 πολλὰ,
762 2672 811 2734 loe
825 2695 894 2736 vero
909 2673 1145 2758 (Olympiades)
1154 2673 1308 2759 ploraque
1318 2682 1457 2738 amru«
1466 2668 1518 2733 rel-

428 2772 547 2838 dcdanl.
602 2774 692 2837 Inlra
716 2773 833 2857 legitur
851 2775 964 2837 ὅποθεν
979 2771 1134 2850 Ἕλληνος
1156 2776 1304 2855 ἀκριβοῦν
1327 2775 1396 2841 τοὺς
1415 2775 1518 2856 χρόνους

430 2877 584 2953 ἐνόμισαν,
608 2875 707 2938 habet
728 2878 766 2937 τὸ
788 2879 891 2938 πολλὰ
907 2874 1058 2960 pleraque
1080 2876 1256 2940 Africanus
1282 2876 1378 2940 initio
1402 2894 1517 2939 numi.

429 2998 460 3061 p.
475 2993 548 3059 297.
564 2975 584 3038 l.
601 2995 649 3040 12.
663 2984 697 3039 et
708 2977 889 3056 ἠκρίβωντοι
903 2976 1058 3061 scriptum
1072 2984 1123 3041 est
1139 2976 1171 3040 in
1189 2976 1291 3041 MSto
1305 2977 1387 3042 coll.
1400 2978 1431 3042 S.
1441 2976 1519 3039 loen.

429 3100 488 3165 pro
503 3078 679 3158 ἠκρίβωντο.
726 3078 818 3142 Nunc
832 3079 916 3143 adde
936 3100 993 3143 sex
1012 3078 1092 3143 alios
1113 3079 1250 3157 codices,
1266 3080 1321 3164 qui
1343 3079 1376 3144 in
1396 3076 1519 3143 nsumcl

430 3178 591 3243 Gaislordi
607 3178 639 3241 in
655 3201 777 3264 nupera
787 3179 927 3243 editione
939 3180 1046 3264 Proep.
1055 3180 1179 3264 Εοοορ.
1189 3178 1323 3244 Eussdii
1333 3178 1439 3244 collati
1452 3184 1520 3241 ant.

475 3279 557 3343 lbid.
573 3280 594 3342 l.
612 3301 642 3361 9.
658 3284 710 3347 τὰς
724 3279 893 3367 Ἑβραίων]
916 3284 954 3343 τὰ
968 3279 1017 3344 (Ε.
1033 3281 1067 3343 in
1088 3281 1196 3357 editis,
1213 3282 1271 3344 sed
1297 3286 1352 3348 τὸς
1374 3279 1521 3345 subaudita

433 3384 565 3460 ἱστορίας
584 3381 657 3445 MS.
675 3381 801 3444 Eusedil
827 3381 858 3444 in
884 3381 963 3446 0011.
980 3382 1014 3445 S.
1030 3381 1128 3446 Joan.
1144 3383 1250 3446 Oxou.
1272 3391 1431 3459 servatus,
1453 3379 1520 3465 quod

431 3504 515 3547 nunc
531 3483 666 3566 reposui.
714 3484 877 3546 Praestent
892 3482 1059 3547 lectionem
1074 3493 1135 3547 tres
1149 3485 1234 3548 codd.
1253 3484 1477 3568 Guiry'crdioni.

476 3582 555 3645 lbid.
567 3581 586 3643 l.
602 3602 649 3645 11.
664 3584 711 3646 καὶ
726 3586 831 3662 ταύτης
847 3586 1002 3665 ἐχόμενος,
1014 3586 1151 3665 &pulpam
1166 3610 1199 3648 τε
1215 3586 1264 3647 καὶ
1279 3586 1457 3665 προστιθεὶς,
1468 3580 1522 3664 διο]

432 3683 577 3748 Africani
594 3684 664 3747 istis
685 3685 818 3748 multam
840 3685 980 3768 perfudit
1000 3685 1102 3748 lucem
1123 3707 1259 3769 mugnus
1280 3686 1332 3748 ille
1348 3685 1483 3769 Scaliger
1500 3682 1523 3744 in

433 3785 656 3870 l’rolepcm-enls
671 3787 736 3848 suis
751 3786 785 3848 iu
800 3787 949 3849 Chronica
965 3784 1111 3850 Eusedii:
1135 3787 1252 3867 “Quia
1270 3787 1403 3871 (inquit)
1419 3786 1524 3871 ignore

434 3895 453 3922 “
469 3886 556 3949 tione
572 3885 664 3949 unius
685 3886 841 3949 intervalli
863 3887 985 3970 reliqua
1004 3888 1144 3972 ignorari
1165 3910 1295 3951 necesse
1315 3899 1379 3962 est,
1394 3885 1526 3971 quemad

434 3996 453 4023 ‘⁸
467 3987 595 4050 modum
619 4009 682 4049 unc
708 3986 916 4071 deprehenso,
936 3994 1113 4051 ceterorum
1140 3987 1282 4072 cognitio
1304 3985 1527 4071 expeditissima

435 4100 454 4126 “
471 4097 532 4165 est,
547 4097 584 4153 ut
606 4089 638 4152 in
660 4088 699 4151 iis
722 4088 826 4165 rebus,
843 4111 914 4171 quae
930 4089 1013 4152 veris
1035 4089 1363 4152 demonstrationibus
1386 4088 1528 4157 nituntur,

434 4200 455 4230 “
471 4191 654 4273 contingere
669 4189 767 4253 solet:
794 4190 965 4253 Africanus
981 4190 1013 4253 id
1027 4191 1086 4254 sibi
1103 4190 1222 4275 negotii
1237 4190 1416 4274 proposuit,
1428 4197 1464 4252 ut
1477 4206 1529 4249 uno

435 4292 635 4356 “intervallo
657 4292 698 4356 ad
718 4291 856 4376 aliquam
876 4300 999 4355 curtum
1020 4292 1161 4355 historiae
1183 4292 1318 4355 exotica
1341 4291 1470 4354 titulum
1492 4309 1529 4349 re

436 4405 454 4433 “
473 4394 549 4469 lato,
575 4403 643 4458 tum
669 4392 937 4468 antecedentium,
961 4415 1057 4476 quam
1086 4393 1349 4475 consequentium
1376 4391 1530 4455 veritatem

436 4504 455 4531 ‘⁶
471 4503 605 4558 erueret.
651 4494 741 4574 Quod
770 4493 867 4576 igitur
889 4494 974 4577 apud
998 4493 1132 4556 exoticae
1155 4493 1298 4556 historiae
1320 4502 1469 4556 auctores
1489 4512 1529 4551 re·

435 4605 456 4634 “
473 4596 564 4681 perit,
581 4597 664 4679 quod
680 4595 844 4679 proposito
863 4618 920 4658 suo
940 4595 1079 4658 maxime
1098 4604 1350 4658 consentaneum
1372 4616 1441 4656 esse
1460 4588 1533 4655 arbi·

437 4707 459 4738 ‘⁶
477 4705 582 4762 trutus
597 4705 656 4772 est,
672 4697 704 4760 id
726 4696 776 4759 illc
797 4718 855 4779 pro
875 4695 970 4760 titulo
991 4705 1024 4759 et
1045 4696 1182 4758 termino
1202 4695 1307 4779 operis
1327 4696 1377 4758 sui
1399 4692 1533 4778 arripuit.

436 4799 614 4883 “Legerat
640 4798 748 4881 itaque
773 4798 858 4881 apud
885 4796 1064 4881 Josephum
1089 4819 1128 4859 ex
1151 4797 1332 4871 Polemone,
1358 4797 1494 4880 Apione,
1508 4802 1535 4854 et

438 4910 457 4941 “
475 4900 649 4965 l’tolanaeo
667 4899 842 4974 Mandonio,
861 4898 1019 4962 Hebraeos
1038 4920 1079 4962 ex
1094 4898 1254 4982 AEgypto,
1269 4899 1351 4961 duce
1368 4897 1472 4970 Mose,
1487 4894 1535 4956 mi·

438 5011 459 5042 “
473 5024 583 5088 grosse
596 5001 722 5065 circiter
736 5000 861 5063 initium
876 4999 965 5084 regni
983 4999 1189 5084 Argivorum,
1203 4999 1264 5061 lico
1281 5006 1332 5062 est
1353 4998 1446 5062 annis
1459 5013 1534 5058 unx.

436 5111 457 5139 “
474 5112 550 5167 ante
573 5103 708 5187 primum
726 5101 963 5185 Olympiadem:
988 5102 1073 5186 quod
1093 5115 1220 5185 tempus
1241 5098 1295 5162 alii
1315 5099 1358 5162 ud
1376 5097 1534 5170 Inachum,
