3917 6467
753 2429 1343 2547 ANNOTATIONES

608 2746 674 2827 IN
704 2748 1034 2830 CONCILIUM
1068 2744 1485 2827 LUGDUNENSE.

882 3065 1212 3099 ...Φ-.-

542 3300 579 3366 Ρ.
595 3322 648 3389 39.
664 3301 684 3368 l.
701 3309 730 3368 6.
747 3306 827 3370 Οὐδὲ
848 3308 907 3387 γὰρ
928 3306 1023 3383 μόνον
1045 3301 1120 3387 δια]
1149 3303 1213 3366 His
1234 3301 1405 3387 praemittit
1431 3300 1596 3377 Eusebius,

494 3401 565 3469 Ἐπὶ
579 3407 692 3472 τούτοις
708 3407 753 3487 (h.
765 3429 793 3471 ο.
808 3413 979 3490 postquam
996 3404 1165 3490 epistolam
1175 3405 1300 3489 aceepit
1311 3404 1438 3482 δίοδον,
1451 3404 1598 3490 quaejam

494 3513 571 3570 ante
586 3506 726 3571 adducta
740 3515 801 3583 est,
819 3505 1012 3591 Polycratis)
1029 3508 1045 3569 ά
1060 3508 1117 3586 μέν
1131 3510 1183 3585 τῆς
1196 3505 1350 3585 Ῥωμαίων
1364 3508 1518 3588 προεστὸς
1533 3507 1598 3570 Βίκ-

495 3633 565 3689 τωρ,
587 3609 701 3689 ἀθρόως
720 3612 770 3687 τῆς
785 3607 891 3675 Ἀσίας
914 3607 1013 3687 πάσης
1039 3607 1100 3687 ἀμα
1125 3614 1189 3674 ταῖς
1211 3611 1328 3689 ὁμόροις
1355 3610 1525 3687 ἐκκλησίαις
1547 3610 1599 3672 τὰς

494 3710 648 3790 παροικίας
669 3711 848 3789 ἀποτέμνειν
870 3711 909 3777 ὡς
932 3711 1169 3789 έτεροδοξούσας,
1186 3713 1237 3788 τῆς
1260 3714 1358 3788 κοινῆς
1380 3711 1516 3776 ἐνάσεως
1536 3734 1599 3774 πει·

494 3815 590 3891 ράται·
616 3811 663 3874 καὶ
678 3814 846 3890 στηλιτεύει
859 3836 896 3893 γε
911 3814 959 3874 διδ
974 3810 1164 3891 γραμμάτιον,
1181 3810 1395 3890 ἀκοινωνήτους
1410 3812 1503 3893 άρδην
1525 3811 1599 3875 πάν-

495 3937 548 3979 τας
558 3913 627 3979 τοδς
641 3914 740 3977 ἐκεῖσε
755 3914 962 3993 ἀνακηρύττων
978 3912 1138 3993 ἀδελφούς.
1162 3911 1231 3976 ἀλλ’
1247 3914 1282 3976 οὔ
1299 3916 1376 3977 πᾶσί
1394 3938 1431 3995 γε
1452 3919 1514 3980 τοῖς
1535 3915 1598 3977 ἐπι-

496 4014 619 4080 σκόποις
643 4012 723 4076 ταῦτ’
748 4014 902 4094 ἠρέσκετο.
928 4015 1250 4094 ἀντιπαρακελεύονται
1275 4019 1348 4093 δῆτα
1374 4015 1460 4099 αὐτῷ,
1485 4018 1524 4078 τὰ
1548 4019 1600 4092 τῆς

497 4114 612 4195 εἰρήνης
627 4115 673 4177 καὶ
688 4118 739 4193 τῆς
753 4115 827 4194 πρὸς
841 4116 909 4181 τοὺς
923 4117 1054 4193 πλησίον
1069 4116 1205 4182 ένάσειίις
1219 4141 1251 4179 τε
1268 4118 1315 4180 καὶ
1330 4115 1446 4197 ἀγάπης
1461 4123 1598 4198 φρονεῖν.

497 4216 640 4297 φέρονται
654 4217 687 4279 δέ
703 4217 749 4279 καὶ
765 4217 796 4279 αἱ
810 4217 921 4280 τούτων
937 4218 1046 4297 φωναὶ,
1055 4219 1292 4299 πληκτικάτερον
1305 4218 1536 4297 καθαπτομένων
1546 4224 1600 4283 τοῦ

496 4318 645 4396 Βίκτορος.
670 4318 704 4379 ἐν
719 4318 763 4382 οἶς
778 4318 825 4381 καί
841 4319 857 4379 ὁ
874 4319 1030 4399 Εἰρηναῖος
1046 4321 1078 4382 ἐκ
1093 4321 1254 4401 προσώπου
1269 4321 1311 4382 ὧν
1329 4320 1431 4400 ἡγεῖτο
1452 4323 1526 4383 κατὰ
1546 4320 1600 4398 τὴν

497 4418 632 4480 Γαλλίαν
648 4418 790 4499 ἀδελφῶν
805 4421 987 4494 ἐπιστείλας,
1004 4422 1183 4501 παρίσταται
1196 4423 1253 4500 μὲν
1267 4422 1308 4506 τῷ
1331 4426 1394 4484 δεῖν
1414 4422 1449 4484 ἐν
1467 4421 1544 4507 μάνη
1564 4426 1600 4506 τῇ

496 4523 547 4599 τῆς
572 4524 706 4601 κυριακῆς
724 4520 817 4604 ἡμέρᾳ
836 4521 870 4583 τὸ
891 4525 942 4601 τῆς
961 4528 1013 4586 τοῦ
1041 4526 1151 4603 Κυρίου
1177 4520 1371 4588 ἀναστάσεως
1395 4524 1601 4586 ἐπιτελεῖσθαι

495 4621 666 4702 μυστήριον·
691 4625 730 4708 τῷ
746 4623 839 4704 γεμὴν
854 4624 971 4704 Βίκτορι
992 4623 1201 4706 προσηκόντως
1220 4626 1259 4690 ὡς
1280 4625 1320 4703 μὴ
1341 4626 1505 4688 ἀποκόπτοι
1525 4625 1602 4690 ὅλας

498 4723 658 4801 ἐκκλησίας
676 4729 759 4787 Θεοῦ
785 4726 910 4808 ἀρχαίου
935 4726 1021 4792 έθους
1046 4725 1213 4808 παράδοσιν
1240 4727 1442 4806 ἐπιτηρούσας,
1470 4732 1600 4790 πλεῖστα

499 4833 586 4915 ἔτερα
599 4842 747 4915 παραινεῖ·
771 4837 817 4899 καὶ
834 4836 933 4904 αὐτοῖς
947 4840 980 4900 δέ
995 4837 1106 4918 ῥήμασι
1121 4836 1191 4901 τάδε
1208 4837 1364 4917 ἐπιλέγων.
1412 4843 1525 4901 ΟΤΔΕ
1541 4842 1600 4918 γάρ

496 4939 590 5016 μόνον
611 4937 668 5002 8ου.
693 4938 751 5002 8ου.
807 4939 868 5003 His
890 4940 936 5002 ι’τα
955 4941 1052 5025 ρεαδ-ῖς,
1077 4941 1179 5004 Victor
1200 4941 1321 5025 quidm
1343 4941 1490 5003 Ιίωιιαιιω
1515 4940 1600 5004 urbis

495 5039 646 5124 φὶκοαμιιι
659 5039 741 5104 imao
755 5062 852 5105 ουιιιου
865 5043 953 5105 Αείω
967 5043 1195 5127 vicinarumque
1210 5043 1444 5127 ρτοοὶιισίανυυι
1463 5044 1600 5108 ecclesias
