3917 6467
433 1088 500 1156 sco
755 1084 997 1168 asomum
1019 1082 1193 1150 sacam.

435 1272 644 1371 Ἀντίγονον
670 1269 735 1349 τὸν
757 1270 937 1348 Ἰουδαίων
963 1267 1164 1347 ἀπέκτεινεν
1189 1267 1360 1364 βασιλέα,
1382 1270 1438 1347 καὶ
1451 1270 1499 1348 'd-

432 1406 563 1508 ραβίαν
584 1402 801 1510 Κλεοπάτρᾳ
817 1403 1032 1505 παρέδωκεν·
1062 1401 1189 1497 διαβάς
1211 1436 1252 1481 τε
1273 1404 1333 1482 ἐπὶ
1351 1402 1503 1505 Πάρθακ,

432 1540 579 1619 ἔπταισε
597 1538 774 1640 μεγάλως,
793 1536 835 1617 τὸ
851 1544 1028 1617 πλεῖστον
1045 1533 1245 1630 ἀποβαλὼν
1268 1543 1335 1614 τοῦ
1359 1543 1505 1637 osporci.

428 1669 506 1752 Ἦν
524 1671 731 1769 Ὀλυμπιὰς
748 1672 843 1774 ροντ’.

488 1811 536 1887 Ὁ
557 1807 743 1901 Σεβαστὸς
761 1807 972 1889 Ὀκταούιος
995 1805 1061 1904 τὴν
1086 1805 1130 1912 ἐξ
1143 1806 1302 1887 Ἰταλίας
1325 1808 1384 1885 καὶ
1408 1803 1526 1904 πάαηις

433 1940 587 2044 ἑσπέρας
605 1942 753 2039 δύναμιν
771 1942 823 2020 ἐπ’
843 1940 1037 2018 ’Λντώνιον
1054 1935 1150 2040 ἦγεν,
1168 1939 1210 2017 οὐ
1233 1937 1458 2037 βουλόμενον
1479 1944 1513 2020 εἷς

432 2071 576 2171 Ῥώμην
600 2075 817 2162 ἐπανελθεῖν,
838 2072 903 2151 δέει
932 2078 1005 2150 τῶν
1034 2074 1072 2150 ἐν
1091 2068 1249 2174 Πάρθοις·
1271 2071 1514 2170 έιτταισμάων,

433 2209 491 2286 καὶ
512 2206 748 2305 Κλεοπάτρας
767 2206 880 2306 ἔρωτι.
937 2204 1127 2287 Ἀντώνιος
1145 2203 1184 2284 δέ
1201 2206 1306 2312 αὐτῷ,
1326 2203 1395 2304 τὴν
1412 2208 1451 2284 ἐκ
1466 2209 1515 2304 τῆς

433 2341 561 2422 Ἀσίας
592 2339 682 2443 έχων
715 2338 872 2435 δύναμιν,
899 2337 1116 2440 ὑπηντίαζεν.
1161 2340 1181 2417 ὃ
1210 2337 1443 2440 δέἩρῶδης
1472 2336 1516 2417 oio

432 2472 553 2568 δεινὸς,
586 2476 644 2550 καὶ
677 2478 749 2551 τῶν
785 2469 985 2574 ἰσχυόντων
1021 2471 1248 2572 θεραπειαὴς,
1281 2477 1416 2556 διπλᾶς
1450 2472 1546 2578 ἐξί-ιο

432 2611 606 2712 πεμπψεν
632 2602 838 2702 ἐπιστολὰς,
868 2608 926 2683 καὶ
955 2604 1012 2703 νηῒ
1042 2603 1106 2685 τὸν
1137 2607 1215 2712 (for.
1236 2620 1353 2699 legend.
1384 2604 1515 2710 νηῖτδν)

433 2737 602 2842 στρατὸν,
634 2735 875 2834 ἐντειλάμενος
908 2743 981 2819 τοῖς
1010 2738 1214 2838 ἡγουμένοις
1245 2741 1453 2837 καραδοκεῖν
1481 2734 1517 2816 cd

433 2872 700 2972 ἀποβησόμενα.
732 2875 780 2954 ὡς
805 2870 841 2949 δέ
869 2873 988 2973 ἐκρίθη
1016 2903 1055 2950 τε
1078 2872 1101 2970 ἦ
1126 2871 1291 2969 νίκη,κώ
1324 2873 1410 2949 δυσὶ
1440 2904 1515 2950 ναν·

431 3009 575 3110 μαχίαις
593 3006 753 3105 ἡττηθεὶς
771 3006 791 3082 ὁ
809 3007 1000 3087 Ἀντώνιος
1018 3004 1149 3107 ἔφυγεν
1171 3008 1219 3087 εὶς
1239 3004 1437 3105 Αίγιπτον,
1453 3001 1518 3102 ἅμα

431 3149 477 3247 τῇ
508 3137 736 3244 Κλεοπάτρᾳ,
755 3145 788 3216 οἱ
811 3138 1010 3240 κομίζοντες
1036 3138 1219 3217 ἀπέδοσαν
1247 3138 1312 3222 τὰς
1343 3136 1436 3241 πρὸς
1464 3138 1549 3235 risis

433 3271 622 3369 Σεβαστὸν
654 3269 860 3354 ἐπιστολάς·
897 3266 939 3352 ἀς
966 3269 1056 3372 πρὸς
1083 3271 1274 3351 Ἀντώνιον
1304 3268 1402 3376 εἶχον
1434 3275 1515 3351 ἀπα·

431 3410 644 3513 κρύψαντες.
672 3406 847 3484 ἐπιπίπτει
862 3404 899 3482 δὲ
912 3404 1060 3507 Ἡρώδη
1077 3465 1177 3483 ......
1195 3406 1265 3502 (for.
1281 3424 1392 3483 excidit
1405 3415 1519 3502 ταῦτα,

431 3566 478 3623 vel
494 3550 627 3645 τοῦτο).
674 3537 891 3638 Κλεοπάτρα
922 3540 961 3616 ἐν
987 3543 1038 3642 τῷ
1061 3539 1259 3645 μεσαιολίιρ
1287 3541 1518 3647 (μαυσωλαίιρ

431 3694 550 3771 corrigit
565 3683 692 3774 Goaros)
713 3671 840 3769 ἑααιὴν
859 3671 1083 3774 διεχρήσατο,
1102 3674 1228 3751 ἀσπίδι
1246 3678 1297 3778 τῷ
1315 3674 1429 3779 θηρίῳ
1447 3674 1517 3753 καθ

432 3824 593 3901 Cleopatra
614 3820 841 3879 commendavit:
869 3830 898 3878 et
919 3820 949 3877 in
1001 3820 1131 3899 epistolis
1140 3821 1315 3900 duplicibus,
1324 3834 1355 3882 ct
1366 3822 1552 3883 auxiliariisro

431 3904 726 3980 Parthosprogressus
737 3901 950 3977 exercituspar·
1000 3900 1091 3979 copiis
1105 3901 1176 3957 mari
1191 3902 1376 3967 transmissis.
1386 3901 1476 3961 duces
1489 3913 1517 3960 ut

430 3994 461 4042 te
482 3983 594 4046 amissa,
614 4000 673 4037 non
694 3980 796 4038 leviter
819 3998 951 4057 peccasse
1000 3982 1081 4057 prius
1094 3990 1231 4037 eventum
1252 3981 1330 4049 belli,
1345 4001 1434 4058 quam
1455 4001 1517 4040 coo·

431 4072 596 4139 compertus
620 4070 673 4117 est.
717 4060 791 4117 Erat
813 4070 885 4117 tunc
906 4059 948 4116 0-
1001 4059 1144 4137 digeram,
1180 4060 1406 4127 roestolarentur,
1425 4060 1518 4119 admo·

431 4141 636 4221 lympias186.
1001 4141 1075 4197 nuit.
1118 4140 1146 4195 Α
1163 4138 1292 4214 judicata
1311 4140 1449 4217 Augusto
1463 4141 1516 4198 vic·

471 4221 599 4278 Cunctas
613 4238 649 4277 cx
664 4218 750 4277 ltalia
764 4218 950 4294 occiduisque
1000 4220 1074 4277 toria
1103 4219 1247 4276 Antonius
1273 4219 1382 4296 praeliis
1409 4219 1551 4300 duobos25

428 4300 595 4378 regionibus
610 4299 705 4374 copias
716 4308 876 4356 contractas
887 4300 949 4355 Au.
1000 4297 1091 4368 fusus,
1106 4298 1136 4354 in
1152 4298 1309 4376 AEgyptum
1324 4298 1442 4376 fugiens
1457 4319 1517 4357 cum

428 4390 531 4458 gustus
553 4379 694 4437 Octavius
714 4377 817 4436 eduxit
837 4379 867 4436 in
887 4380 948 4434 An-
1000 4377 1155 4458 Cleopatra
1179 4397 1310 4435 reversus
1333 4388 1389 4436 est.
1440 4379 1518 4436 Tirnc

428 4460 541 4517 tonium
569 4469 651 4516 metu
678 4457 785 4525 delicti,
815 4459 884 4516 dum
917 4458 947 4514 la
999 4459 1160 4522 occultatis,
1189 4476 1253 4533 quse
1280 4457 1317 4514 ad
1344 4456 1516 4524 Antonium,

428 4538 554 4597 Parthos
572 4537 761 4616 praeliaretur,
776 4536 901 4602 admissi,
917 4549 948 4595 ct
998 4537 1110 4597 litteras
1125 4537 1162 4595 ad
1172 4538 1338 4614 Augustum
1353 4539 1455 4595 missas
1469 4536 1516 4613 qui

428 4617 590 4696 Cleopatrre
615 4616 757 4674 illecebris
784 4617 946 4684 detentum,
999 4616 1167 4676 deferebant
1177 4616 1266 4674 duces
1277 4615 1439 4674 reddidere.
1460 4615 1515 4672 Im·
1524 4641 1554 4699 ³0

427 4717 460 4755 ac
485 4698 607 4755 Romam
631 4716 663 4753 se
685 4696 813 4754 conferre
835 4696 946 4754 detrec-
1036 4698 1073 4756 tit
1096 4696 1243 4755 Herodem
1345 4693 1516 4773 sepulchrsli

427 4787 556 4835 tantem:
583 4776 630 4835 cui
658 4774 785 4833 collectis
813 4775 948 4834 Asiaticis
1018 4776 1160 4835 lausoloeo
1177 4774 1287 4833 inclusa
1300 4773 1457 4852 Cleopatra
1475 4792 1514 4830 ss·

426 4856 537 4916 viribus
565 4854 711 4914 Antonius
738 4855 848 4912 obviam
879 4876 945 4933 pro·
999 4856 1067 4933 pide
1089 4857 1150 4914 fera
1173 4867 1311 4931 tanquam
1336 4855 1438 4910 mortis
1459 4851 1516 4910 telo

426 4935 521 4994 lectus
535 4946 588 4995 est.
625 4934 755 4992 Herodes
770 4954 855 5013 porro
865 4935 946 4993 velut
998 4956 1049 4994 uso
1077 4937 1198 5014 seipsam
1227 4931 1361 4992 confecit.
1407 4930 1514 4989 Eodem

425 5016 532 5074 astutio
554 5015 676 5095 pollens,
691 5034 724 5071 ac
747 5015 945 5092 potentiorum
997 5026 1127 5094 tempore
1148 5015 1309 5091 Cleopatrae
1328 5011 1405 5069 filios
1418 5010 1551 5080 Solcm35

425 5095 562 5172 obsequio
583 5095 676 5153 addici
701 5106 856 5153 consuetus
870 5093 945 5153 datis
998 5095 1168 5171 Lunamque
1178 5094 1215 5151 ab
1225 5102 1384 5151 eavocatos
1395 5091 1425 5147 in
1438 5090 1512 5148 The·
