3917 6467
511 1099 575 1160 140
880 1099 1236 1164 ANNOTATIONES

511 1268 588 1331 nrihi
613 1268 716 1344 liceat,
732 1268 847 1332 librum
866 1270 950 1334 huno
970 1271 1056 1334 omni
1080 1271 1283 1336 veneratione
1302 1270 1446 1356 dignum,
1462 1269 1610 1333 saltema

512 1369 621 1432 decem
656 1368 841 1433 auctoribus
875 1383 1031 1456 tanquam
1066 1373 1269 1436 θεόπνευστον
1302 1373 1480 1436 adductum
1509 1370 1611 1444 luisse,

512 1469 565 1553 qui
591 1471 718 1554 quidem
745 1492 856 1534 omnes
880 1479 938 1535 aut
964 1471 1154 1536 vetustiores
1182 1471 1274 1549 Caio,
1298 1480 1357 1537 aut
1387 1472 1448 1557 ipsi
1476 1471 1611 1557 aequnles

510 1571 659 1649 fuerunt3
690 1580 723 1635 et
758 1593 893 1656 quorum
927 1573 1057 1637 nomina
1093 1595 1190 1658 snpra
1227 1575 1269 1638 ad
1305 1574 1540 1659 Fragmentum
1576 1574 1612 1637 de

510 1694 631 1736 cincus
663 1696 834 1736 scarrruas
865 1676 1119 1752 commemoravi,
1145 1675 1219 1740 Vol.
1244 1675 1266 1739 i.
1291 1698 1323 1761 p.
1337 1693 1413 1757 427.
1441 1686 1612 1760 contraque

511 1775 593 1837 adeo
622 1776 771 1839 vecordes
800 1775 896 1839 fuisse
925 1777 1092 1841 nonnullos
1118 1799 1158 1841 ex
1187 1778 1377 1842 adversariis
1405 1776 1504 1862 hujus
1533 1776 1611 1852 libri,

511 1877 679 1962 Alcyorala
694 1877 820 1941 nomine
834 1878 875 1941 ab
886 1878 1067 1963 Epiphanio
1078 1880 1266 1965 appellatos,
1276 1889 1388 1945 utnon
1399 1886 1531 1946 tanturn
1542 1902 1612 1965 spo

511 1977 652 2062 calypsin
667 1976 810 2043 Corinthi
825 2000 893 2042 esse
908 1978 1057 2056 dixerint,
1070 2002 1090 2044 a
1104 1980 1195 2064 cujus
1209 1979 1346 2044 decretis
1358 1980 1536 2044 notissimis
1549 1989 1612 2045 tam

511 2082 551 2144 de
566 2102 702 2164 persona
717 2082 797 2144 Jesu
812 2078 945 2158 Christi,
960 2102 1055 2164 quam
1071 2083 1111 2145 de
1125 2090 1270 2147 creatore
1284 2083 1406 2158 mundi,
1416 2082 1524 2147 isthoc
1538 2103 1613 2167 opus

511 2181 680 2266 plurimum
696 2181 852 2258 distabat,
868 2181 1036 2246 sedetiam
1052 2183 1153 2247 eidem
1168 2184 1319 2249 hoeretioo
1333 2183 1356 2247 J
1358 2184 1474 2248 oannis
1491 2203 1612 2269 quoque

511 2284 719 2369 evangelium,
733 2284 848 2348 librum
864 2283 1016 2349 Cerintho
1031 2287 1221 2370 oppositum,
1232 2286 1413 2350 adscribere
1426 2286 1516 2350 haud
1531 2306 1612 2350 vere·

511 2395 632 2451 rentur.
658 2386 734 2450 Vid.
749 2389 844 2449 Hoer.
863 2385 895 2449 li.
916 2408 1002 2450 num.
1023 2409 1053 2469 3.
1075 2397 1109 2453 et
1131 2388 1337 2453 Philastrium
1356 2389 1407 2452 Do
1428 2386 1612 2462 Humidus,

511 2509 581 2573 cap.
598 2490 649 2552 60.
696 2488 807 2552 Edidit
822 2509 917 2572 porro
933 2490 965 2552 S.
984 2488 1181 2574 Hippolytus
1198 2490 1257 2552 sub
1278 2488 1347 2552 (laii
1366 2496 1517 2573 tempora
1530 2490 1610 2572 Apa

510 2588 620 2673 opiam
642 2611 704 2675 pro
732 2590 920 2674 Apocalypsi
948 2599 975 2653 et
1003 2590 1172 2675 Evangelio
1199 2590 1345 2666 locatis,
1373 2589 1515 2653 testibus
1544 2609 1611 2652 cam

513 2690 695 2755 Hebediesu
727 2691 759 2755 in
786 2693 927 2777 Oatclogo
947 2691 1032 2757 titt.
1054 2693 1269 2758 ctattmm
1291 2714 1321 2777 p.
1337 2709 1387 2772 17.
1403 2698 1476 2755 tum
1498 2691 1611 2755 Statua

513 2791 691 2878 Hippolyti,
704 2794 736 2856 in
753 2816 817 2877 qua
830 2793 974 2878 inseripti
990 2805 1065 2858 sunt
1076 2817 1208 2879 opernm
1223 2795 1292 2879 ejus
1304 2792 1402 2868 tituli,
1413 2793 1530 2857 Romae
1541 2793 1610 2858 olim

511 2894 634 2975 effossa.
688 2894 767 2975 Quae
793 2895 928 2959 forsitan
956 2895 1098 2959 defensio
1123 2896 1276 2960 adversus
1299 2893 1421 2978 Alogos
1444 2893 1527 2959 istos
1549 2916 1609 2959 sus

511 3005 605 3081 cepta
623 3005 692 3069 est;
717 3017 792 3060 nam
814 2998 928 3081 Capita
949 2996 1002 3060 illa
1019 2996 1187 3081 Hippolyti
1208 2996 1355 3060 αᾱυονειω
1370 2996 1484 3058 Mam
1502 2997 1546 3061 ab
1564 3018 1610 3060 eo

511 3098 584 3160 dem
600 3098 784 3162 Hebediesu
800 3105 1058 3172 commemorata,
1075 3099 1135 3164 etsi
1156 3097 1365 3184 suspicionem
1379 3107 1542 3176 moveant,
1554 3098 1611 3162 huo

511 3199 700 3284 pertinuisse
715 3221 779 3262 non
794 3199 1027 3263 affirmaverim.

558 3304 593 3364 P.
616 3304 683 3364 128.
700 3301 720 3364 l.
738 3320 788 3365 20.
801 3305 886 3364 ’ine
902 3306 930 3360 te
945 3305 982 3362 «ις
996 3309 1168 3379 ἡμᾶς-πρὸς
1186 3301 1318 3386 upana]
1334 3300 1612 3386 cataphrygarum

510 3412 597 3468 secta
613 3405 644 3466 in
660 3405 740 3467 duas
755 3413 863 3488 partes
879 3404 979 3466 divisa
994 3411 1053 3466 est.
1077 3403 1209 3466 alterius
1227 3403 1373 3487 princeps
1392 3404 1453 3468 fuit
1470 3404 1616 3481 proclus,

509 3506 642 3570 ulterius
667 3505 849 3581 AEsohines,
874 3514 910 3569 ut
936 3504 1047 3569 scribit
1074 3504 1288 3568 Tertullianus
1313 3506 1352 3568 de
1374 3506 1615 3591 prascriptione

510 3608 732 3671 haeretieorum
747 3606 780 3670 in
795 3608 867 3670 line.
890 3606 982 3687 (Vid.
998 3607 1122 3691 supra.)
1152 3606 1213 3685 Qui
1233 3607 1379 3670 Proolum
1394 3611 1613 3682 sectabantur,

509 3710 698 3774 dicebantur
712 3713 741 3773 οἶ
756 3713 830 3773 κατὰ
846 3712 996 3789 Πρόκλον,
1009 3716 1093 3771 teste
1110 3707 1225 3770 ibidem
1239 3708 1445 3772 Tertulliano.
1487 3709 1538 3773 Ex
1551 3733 1616 3794 quo

510 3820 644 3898 apparet
661 3814 810 3875 Graecum
835 3811 993 3874 hominem
1014 3809 1119 3872 luisse.
1170 3811 1304 3873 Accedit
1327 3812 1411 3896 quod
1434 3812 1536 3876 Gaius
1559 3813 1614 3876 ad·

511 3937 619 3978 versus
634 3915 768 3978 cundem
786 3912 933 3976 Proolum
950 3914 1065 3975 Graeoe
1080 3911 1216 3997 scripsit.
1256 3912 1362 3992 Quare
1377 3934 1440 3975 non
1454 3915 1615 3978 assentior

510 4013 658 4088 Baronio,
682 4013 736 4096 qui
759 4012 841 4074 hunc
865 4011 1014 4073 Proeluru
1036 4011 1170 4074 eundern
1193 4034 1262 4075 esse
1284 4013 1350 4076 vult
1376 4035 1448 4075 cum
1476 4015 1614 4079 Proculo

511 4116 593 4177 Afro
607 4114 723 4178 Latino
736 4113 967 4187 Grammatico,
979 4112 1069 4197 eujus
1079 4113 1222 4177 meminit
1232 4114 1438 4198 Capitolinus.
1461 4116 1612 4180 Ceterum

512 4217 643 4279 Proolus
661 4215 861 4279 Montanista
876 4215 1029 4300 insignem
1046 4213 1162 4276 librum
1183 4216 1353 4299 scripserat
1373 4217 1528 4281 adversus
1543 4218 1611 4282 Va-

508 4318 706 4394 lentinianos,
732 4328 768 4380 ut
794 4316 905 4381 scribit
927 4317 1141 4381 Tertullianus
1163 4317 1195 4379 in
1217 4317 1299 4381 libro
1320 4319 1472 4382 adversus
1494 4320 1612 4384 Valen-

508 4422 621 4485 tinum.
640 4422 798 4483 Vnrnsrns.
838 4422 935 4504 Cujus
949 4433 1060 4485 notam
1075 4421 1115 4483 de
1131 4419 1190 4482 hoe
1202 4419 1270 4482 Gaii
1286 4406 1410 4505 dialogo
1425 4421 1518 4486 initio
1529 4446 1551 4486 a
1562 4444 1613 4486 me

508 4524 695 4587 collocatam
716 4522 870 4586 consulas.

555 4624 638 4687 lbid.
653 4624 672 4686 l.
692 4645 742 4708 23.
758 4625 855 4709 καινὰς]
879 4625 966 4691 rivas
987 4624 1107 4687 solenni
1130 4624 1364 4707 permutatione
1379 4626 1454 4688 MS.
1470 4626 1611 4711 Norfolc.

511 4725 658 4789 Alteram
673 4725 792 4789 invenit
806 4726 983 4802 lectionem,
999 4747 1070 4810 quae
1092 4725 1203 4788 melior
1222 4736 1282 4802 est,
1299 4727 1332 4788 in
1351 4728 1442 4790 codd.
1459 4728 1526 4791 suis
1546 4731 1610 4791 Ba-

497 4825 598 4913 flaua.
646 4828 680 4889 Is
695 4837 802 4892 tamen
818 4833 870 4891 τοῦ
887 4826 923 4891 δι’
940 4830 1076 4893 ἐναντίας
1096 4848 1154 4910 pro
1174 4834 1232 4891 τῶν
1252 4829 1289 4890 δι’
1304 4831 1329 4891 ἔ.
1344 4829 1457 4913 legisse
1473 4830 1608 4894 videtur.

509 4932 560 4993 De
576 4929 625 4993 his
641 4952 714 4993 vero
730 4930 818 4993 novis
833 4930 961 5016 scriptis
975 4929 1091 4993 videsis
1107 4929 1287 4992 Fabricium
1304 4953 1400 5014 supra
1417 4932 1460 4994 ad
1476 4931 1608 4995 Hieron.

507 5029 556 5092 De
579 5031 666 5094 Viris
680 5032 736 5095 Ill.
753 5031 872 5115 aliquid
892 5038 1113 5106 annotantem,
1136 5031 1183 5093 cui
1205 5032 1363 5095 consentit
1390 5032 1609 5098 Tillemontius

508 5132 601 5195 Mem.
621 5133 705 5198 Ecol.
723 5142 799 5198 tom.
818 5133 860 5195 iii.
877 5134 909 5195 in
926 5133 1016 5197 Caio.
1032 5154 1103 5216 pag.
1122 5135 1172 5213 76.
1189 5133 1239 5195 ed.
1254 5133 1394 5198 Bruxell.
