3917 6467
509 1131 574 1193 184
831 1124 1080 1204 RELIQUIAE'
1105 1123 1283 1190 SACRAE.

506 1300 759 1381 πολιτεύεσθαι
781 1298 1025 1406 προηρημίνφ.
1057 1294 1281 1404 προσφάτως
1304 1294 1343 1376 δὲ
1366 1291 1563 1398 γενόμενος
1579 1298 1616 1375 ἐν

506 1433 669 1542 Ἀγκύρᾳ
687 1438 750 1534 τῆς
769 1435 962 1519 Γαλατίας·
991 1436 1050 1512 καὶ
1068 1430 1286 1528 καταλαβὼν
1299 1429 1367 1532 τὴν
1390 1429 1487 1513 κατὰ
1504 1429 1615 1512 τᾶιτον

505 1571 703 1670 ἐκκλησίαν
722 1567 791 1650 ὑπὸ
809 1573 872 1668 τῆς
891 1569 970 1652 νίας
988 1566 1119 1668 ταύτης
1136 1568 1203 1672 οὐχ
1220 1570 1269 1650 ὡς
1286 1566 1386 1647 αι’ποὶ
1408 1571 1509 1673 φασὶ
1526 1601 1611 1670 προ-

508 1703 668 1808 φητείας·
703 1701 799 1783 πολὺ
827 1701 865 1782 δὲ
893 1710 1039 1802 μᾶλλον
1069 1704 1118 1784 ὡς
1146 1701 1373 1805 δειχθήσεται
1400 1704 1607 1808 ψευδοπρο-

508 1841 654 1944 φητείας
673 1838 1031 1941 διατεθριιλλημίνην,
1045 1833 1204 1916 καθόσον
1222 1832 1382 1931 δυνατὸν,
1396 1843 1464 1916 τοῦ
1478 1836 1629 1940 Κνρίον5

506 1973 771 2080 παρασχόντος,
792 1976 873 2076 περὶ
895 1971 1015 2053 αὗτῶν
1037 2006 1076 2051 τε
1097 1971 1233 2052 τούτων
1255 1974 1314 2050 καὶ
1332 1977 1407 2050 τῶν
1429 2005 1608 2075 προτεινο·

506 2110 623 2209 με’νων
642 2111 699 2189 ὑπ’
719 2110 835 2188 αι’πῶν
853 2106 1025 2188 ἑκάστοτε
1038 2106 1268 2211 διελεγθημεν
1281 2104 1427 2209 ἡμέραις
1443 2108 1606 2187 πλείοσιν

507 2246 545 2324 ἐν
562 2250 609 2350 τῇ
629 2244 815 2350 ἐκκλησίᾳ·
844 2245 892 2326 ὡς
914 2239 980 2341 τὴν
997 2239 1063 2340 μὲν
1083 2239 1282 2340 ἐκκλησίαν
1305 2241 1604 2342 ἀγαλλιασθῆναι,

508 2381 567 2458 καὶ
590 2377 681 2481 πρὸς
703 2376 769 2477 τὴν
791 2376 962 2476 ἀλήθειαν
987 2377 1263 2479 ἐπιρρωσθῆναι·
1290 2372 1373 2458 τοὺς
1398 2373 1440 2454 δὲ
1463 2374 1603 2482 ἐξεναν-

488 2610 492 2618 Ι
507 2515 585 2598 πίας
602 2511 692 2618 πρὸς
710 2511 753 2592 τὸ
770 2512 887 2616 παρὸν
904 2513 1209 2615 ἀποκρουσθῆναι·
1237 2511 1297 2589 καὶ
1313 2506 1396 2594 τοὺς
1409 2509 1638 2594 ἀντιθέτονςιο

508 2653 725 2750 λυπηθῆναι.
764 2646 960 2756 ἀξιούντων
986 2648 1049 2728 οὖν
1075 2653 1148 2727 τῶν
1177 2642 1269 2726 κατὰ
1298 2642 1410 2726 τόπον
1441 2655 1601 2749 πρεσβυ-

507 2783 627 2886 τέρων,
648 2781 744 2867 ὅπως
762 2789 835 2862 τῶν
854 2780 1055 2887 λεχθέντων
1079 2778 1171 2860 κατὰ
1187 2786 1260 2860 τῶν
1285 2780 1604 2880 ἀιπιδιατιθεμείνων

507 2922 559 3023 τῷ
576 2919 640 3015 τῆς
657 2917 826 3016 ἀληθείας
844 2913 946 3023 λόγῳ
965 2910 1157 3014 ίνπόμιημιί
1174 2947 1209 2992 τι
1225 2911 1491 3012 καταλίπωμεν·
1519 2947 1604 3017 παρ-

508 3050 610 3135 όντος
623 3054 682 3130 καὶ
696 3059 760 3130 τοῦ
772 3050 1096 3154 συμπρεσβντέρον
1109 3049 1210 3149 ἡμῶν
1227 3053 1386 3128 Ζωτικοῦ
1399 3056 1465 3129 τοῦ
1477 3051 1603 3154 Ὀτρη-

509 3195 581 3283 νοῦ,
599 3194 705 3266 τοῦτο
723 3185 789 3286 μὲν
807 3188 871 3266 οὐκ
889 3184 1104 3292 ἐπράξαμεν·
1133 3180 1424 3286 ἐπηγγειλάμεθα
1436 3182 1475 3264 δὲ
1487 3183 1603 3265 ε’νθιίδι
1611 3221 1635 3281 15

508 3320 716 3426 γράψαντες
738 3330 803 3401 τοῦ
829 3322 964 3424 Κυρίου
989 3319 1157 3418 διδόντος,
1182 3318 1240 3399 διὰ
1265 3324 1426 3419 σπουδῆς
1453 3320 1604 3428 πέμψειν

509 3456 639 3539 αι’ποΐς.

509 3718 575 3758 cum
598 3717 689 3756 essem
709 3695 835 3776 Ancyrae
853 3697 884 3754 in
906 3697 1031 3764 Galatia,
1083 3706 1154 3754 tunc
1164 3694 1281 3773 quidem
1293 3694 1387 3772 fugati
1396 3707 1427 3756 et
1439 3697 1499 3756 Dei
1512 3699 1607 3758 hoste

509 3788 539 3838 et
554 3777 701 3837 ecclesiam
716 3777 796 3835 illius
814 3777 870 3835 loci
889 3799 964 3836 novo
983 3778 1033 3837 ille
1084 3797 1142 3833 non
1179 3774 1317 3834 mediocri
1350 3773 1451 3836 dolore
1484 3779 1607 3858 perculsi

509 3879 568 3917 nou
596 3869 630 3916 ut
658 3858 714 3936 ipsi
742 3857 843 3916 dicunt
870 3859 1032 3937 prophetin,
1083 3856 1204 3915 fuerint.
1246 3858 1321 3913 Cum
1357 3876 1427 3914 vero
1456 3859 1522 3935 ejus
1554 3860 1609 3919 loci
1619 3862 1649 3908 ²⁰

509 3941 560 3998 sed
588 3950 622 3996 ut
654 3949 755 4017 posteo
787 3937 1034 3997 demonstrabitur
1084 3936 1243 4015 presbyteri
1259 3935 1450 4013 postularent,
1463 3951 1609 3999 uteorum

509 4017 620 4098 pseudo
641 4018 774 4098 rophetie
803 4020 948 4077 turbatam
982 4018 1033 4079 de·
1084 4036 1148 4093 qme
1162 4027 1263 4075 contre
1281 4014 1412 4075 veritatis
1429 4018 1613 4080 adversarios

509 4039 724 4178 prehenlissem
736 4120 745 4167 ‚¹
774 4109 914 4175 quantum
938 4099 1033 4158 faeere
1083 4097 1161 4155 diota
1202 4097 1329 4161 fuerant,
1368 4101 1612 4159 commentarium

509 4178 602 4258 potui,
618 4178 684 4237 Deo
699 4179 822 4253 juvante
843 4189 906 4236 tum
928 4179 964 4238 de
987 4180 1033 4237 his
1083 4176 1152 4255 ipsis
1166 4176 1305 4255 seriptum
1320 4175 1534 4254 relinquerem:
1561 4181 1613 4240 ud·

509 4259 588 4334 ipsis,
614 4268 677 4316 turn
699 4258 735 4317 de
757 4258 875 4336 reliquis
898 4261 1033 4318 omnibus
1083 4268 1178 4315 stante
1194 4256 1283 4314 etiam
1302 4259 1540 4397 oomprerbptero
1558 4282 1611 4320 no-
1628 4255 1671 4316 ²5

508 4358 574 4415 quae
588 4339 624 4395 ab
638 4338 696 4395 illis
713 4340 958 4416 proponebantur,
974 4340 1032 4398 siu·
1083 4348 1143 4395 stro
1164 4336 1268 4394 Zotioo
1290 4336 1445 4407 Otreu0,i
1490 4341 1612 4418 quidem

508 4418 632 4496 gillotim
652 4418 683 4474 in
697 4418 816 4476 ecclesia
830 4418 951 4478 disserui
967 4420 1032 4499 plu·
1083 4416 1202 4476 minime
1232 4416 1332 4474 restiti
1345 4438 1355 4486 ;
1370 4417 1422 4475 ned
1433 4419 1613 4499 simulatque

510 4498 590 4556 ribus
614 4496 734 4556 diebus:
761 4498 832 4556 adeo
856 4510 889 4557 ut
913 4500 1033 4559 ecclesia
1083 4497 1140 4555 huc
1168 4439 1327 4561 resilissem
1356 4498 1537 4576 scripturum
1565 4522 1613 4561 me

509 4578 626 4654 quidem
637 4578 910 4656 incredibiligeudio
920 4581 1032 4647 effecta,
1083 4577 1190 4642 omnia,
1205 4588 1235 4636 et
1249 4575 1285 4635 ed
1299 4577 1378 4654 ipsos
1392 4581 1609 4660 quamprimum

510 4669 540 4715 et
564 4658 595 4714 in
620 4658 743 4716 veritate
767 4658 834 4717 fidei
859 4680 1034 4739 magnopere
1083 4657 1239 4716 missurum
1255 4657 1320 4715 Deo
1334 4656 1453 4719 favente
1467 4663 1596 4740 promisi.
1623 4658 1671 4729 3⁶

509 4737 678 4796 confirmata
700 4738 738 4796 eit
749 4761 758 4808 ;
790 4738 942 4798 adversarii
965 4760 1034 4799 vero
