3917 6467
540 1099 763 1171 AFRIOAM
785 1095 1011 1170 EPISTOLA
1034 1103 1100 1169 AD
1122 1103 1374 1171 ORIGENEM.
1445 1105 1512 1173 227

467 1267 555 1347 Πῶς
570 1261 611 1343 δέ
626 1263 728 1366 παρὰ
745 1266 942 1349 Χαλδαίοις
959 1264 1181 1369 αἰχμάλωτοι
1198 1263 1297 1349 ὄντες
1314 1267 1352 1344 ἐν
1369 1270 1414 1369 τῆ
1434 1270 1507 1344 Βα-

405 1402 557 1493 βυλῶνι,
583 1398 906 1500 ἦστραγαλωμένοι
934 1398 1029 1499 b(for.
1053 1399 1422 1501 ἐστραγγαλωμένοι),
1449 1399 1507 1476 καὶ

405 1533 450 1609 ἐν
465 1537 543 1614 ταῖς
557 1534 745 1615 πλατείαις
762 1533 894 1640 ἄταφοι
911 1534 1147 1638 ῥπιτούμενοι,
1167 1538 1215 1618 ὡς
1233 1536 1271 1613 ἐν
1288 1538 1333 1636 τῆ
1350 1532 1507 1637 προτέρᾳ

409 1666 644 1770 αἰχμαλωσίᾳ
671 1674 736 1745 τοῦ
765 1665 920 1769 Ἰσραὴλ
958 1673 1160 1770 ἱστορεῖται,
1189 1674 1262 1746 τῶν
1293 1699 1332 1745 τε
1368 1666 1507 1745 παίδων

381 1800 528 1882 smiroia
556 1801 829 1899 ἀποσπωμένων
857 1808 905 1885 εἷς
934 1800 1180 1906 εὐνουχισμὸν,
1205 1803 1264 1880 καὶ
1288 1807 1360 1879 τῶν
1389 1804 1505 1899 θυγα-

409 1930 521 2029 τέρων
545 1938 600 2016 εἷς
623 1932 818 2017 παλλακὰς
842 1938 912 2017 ccic
936 1935 1221 2041 πεπροφῆτευτο·
1251 1933 1350 2012 οἶδέ
1369 1965 1409 2009 τε
1434 1938 1506 2028 (for.

410 2066 474 2144 οἶδ’
490 2065 564 2170 ἔτι)
584 2070 646 2145 Ικαὶ
662 2070 744 2170 περὶ
762 2067 917 2147 θανάτου
930 2068 1082 2171 ἔκρινον·
1114 2072 1172 2147 καὶ
1190 2076 1303 2146 ταῦτα
1328 2072 1375 2170 τῆ
1392 2074 1505 2159 βασι-

409 2201 501 2284 λέως
532 2202 649 2281 αὐτῶν
677 2202 867 2303 γενομένου
894 2206 1035 2303 γυναικὶ
1060 2205 1223 2301 Ἰωακεὶμ
1253 2202 1323 2301 (for.
1351 2198 1418 2298 τῆν
1444 2206 1509 2278 τοῦ

408 2334 593 2427 βασιλέως
611 2337 728 2415 αὐτῶν
745 2337 936 2438 γενομένην
954 2345 1106 2439 γυναῖκα
1122 2339 1313 2441 Ἰωακεὶμ),
1332 2333 1396 2414 “im
1414 2331 1504 2413 σύν·

363 2473 541 2571 ιοθρονον
568 2472 741 2569 πεποίητο
766 2472 786 2549 ὁ
811 2477 883 2551 τῶν
902 2472 1147 2566 Βαβυλωνίων
1175 2468 1376 2565 βασιλεύς;
1410 2474 1440 2546 εὶ
1470 2465 1509 2546 δὲ

409 2605 478 2710 οὐχ
509 2605 622 2703 οὗτος,
648 2609 736 2685 ἀλλ’
764 2609 880 2692 ἄλλος
908 2643 962 2693 τις
989 2617 1053 2688 τοῦ
1080 2616 1172 2687 λαοῦ
1199 2608 1371 2703 Ἰωακεὶμ,
1398 2602 1509 2683 πόθεν

409 2741 556 2841 τοιαύτη
584 2739 782 2824 κατάλυσις
806 2748 1027 2850 αἱχμαλωτῷ
1050 2746 1185 2843 περιῆν,
1207 2744 1267 2821 καὶ
1289 2737 1509 2841 παράδεισος

410 2874 627 2981 ἀμφιλαφὴς
656 2874 724 2975 ῆν;
757 2876 829 2978 πρὸ
855 2876 892 2955 δὲ
917 2876 1054 2957 τούτων
1078 2875 1246 2957 ἁπάντων
1269 2875 1331 2973 ἥδε
1354 2873 1377 2971 ῆ
1404 2903 1504 2972 περι-

409 3007 505 3107 κοπῆ
523 3008 594 3088 σὺν
612 3009 743 3093 ἄλλαις
768 3009 831 3089 δύο
856 3018 932 3093 ταῖς
958 3014 1014 3091 ἐπὶ
1038 3016 1090 3117 τῷ
1114 3010 1219 3105 τέλει,
1237 3014 1289 3114 τῷ
1312 3004 1412 3106 παρὰ
1435 3011 1508 3083 τῶν

365 3143 590 3222 ι5Ἰουδαιέον
625 3141 825 3249 εἰλημμένω
863 3142 1006 3243 Δανιὴλ
1039 3145 1103 3223 οὐκ
1139 3142 1337 3248 ἐμφέρεται.
1380 3141 1437 3217 ἐπὶ
1470 3136 1509 3217 δὲ

408 3281 515 3371 πᾶσι,
527 3274 711 3355 τοσούτων
728 3276 1092 3379 προωδοιπορηκότων
1108 3282 1314 3382 προφητῶν,
1325 3274 1407 3381 ἑξῆς
1435 3270 1507 3371 (for.

410 3417 484 3490 τῶν
502 3412 601 3517 ἑξῆς)
628 3413 739 3495 οὐδείς
766 3415 865 3492 ἐστιν
891 3415 1008 3517 ἕτερος
1032 3414 1151 3515 ἑτέρον
1176 3414 1388 3517 κεχρημενος
1411 3417 1508 3521 ῥητῷ

411 3542 571 3643 νοήματι·
600 3544 643 3624 ου’
659 3545 731 3647 γὰρ
747 3545 972 3652 ἐπτώχευσεν
991 3549 1011 3626 ὁ
1028 3544 1139 3647 λόγος
1158 3548 1275 3626 αὐτῶν
1293 3546 1432 3647 ἀληθὴς
1445 3548 1505 3630 ὤν.

413 3802 576 3869 Chaldaeos,
592 3803 717 3862 talorum
740 3802 807 3861 lusu
822 3804 933 3863 venditi
984 3804 1058 3863 aliua
1072 3824 1110 3863 ex
1130 3825 1168 3883 po
1189 3804 1239 3862 ulo
1257 3804 1349 3862 fuerit
1368 3804 1418 3863 ille
1435 3805 1507 3863 Joa-

364 3895 443 3942 acet
464 3882 605 3949 distracti,
627 3895 658 3943 et
679 3884 709 3940 in
731 3881 835 3961 plateis
855 3885 932 3941 inse·
984 3886 1096 3955 cimus;
1120 3825 1198 3942 uncie
1218 3884 1262 3942 illi
1283 3885 1399 3961 captivo
1416 3895 1507 3942 tantas

412 3962 490 4042 pulti
518 3963 622 4040 abjecti
632 3986 642 4034 ;
674 3962 765 4035 (sicut
789 3963 819 4020 in
844 3964 933 4042 priori
985 3965 1061 4022 oedes
1074 3975 1104 4022 et
1118 3965 1220 4021 hortus
1234 3974 1293 4021 tam
1311 3964 1457 4041 speciosus
1476 3974 1507 4022 et

412 4042 584 4121 captivitate
611 4041 728 4102 Israelis
761 4063 934 4102 commemo-
985 4043 1119 4121 amplus?
1154 4043 1301 4120 Imprimis
1316 4063 1384 4099 vero
1398 4043 1505 4110 obstat,

412 4125 509 4195 ratur)
524 4141 590 4179 cum
603 4121 654 4179 filii
669 4122 740 4200 ipsis
753 4132 934 4199 raperentur,
985 4123 1064 4199 quod
1078 4124 1138 4181 haec
1157 4123 1247 4181 sectio
1266 4142 1331 4179 cum
1352 4121 1416 4180 aliis
1434 4122 1506 4180 dua·

414 4212 448 4261 ut
468 4202 595 4260 eunuchi
620 4201 732 4265 tierent,
751 4211 782 4260 et
808 4201 883 4267 filias,
900 4213 935 4260 nt
985 4203 1051 4270 bus,
1069 4223 1134 4279 quoe
1154 4203 1230 4260 circa
1248 4201 1334 4260 finem
1354 4212 1433 4267 sunt,
1448 4221 1507 4260 non

366 4281 532 4360 25pellices
542 4292 638 4339 essent
648 4304 657 4351 ;
673 4281 936 4359 sicutaprophetis
986 4283 1153 4341 continetur
1173 4282 1204 4338 in
1225 4281 1271 4346 iis,
1290 4300 1355 4357 qua
1374 4280 1507 4340 Danielis

412 4361 584 4438 praedictum
606 4373 685 4419 erat:
713 4360 868 4437 quomodo,
891 4362 937 4418 in·
986 4363 1104 4420 nomine
1132 4382 1149 4419 a
1172 4360 1285 4419 Judoeis
1309 4370 1506 4435 acceptantur.

413 4455 512 4517 qnam,
527 4439 559 4497 hi
574 4439 610 4498 de
624 4449 718 4498 morte
729 4439 873 4516 judicium
893 4441 937 4497 fe.
988 4439 1122 4499 Posthoec
1146 4440 1251 4503 omnia.
1275 4459 1340 4498 oum
1365 4450 1410 4498 tot
1434 4459 1507 4515 prae·

413 4520 529 4586 cissent,
554 4530 586 4578 ct
609 4521 664 4578 hoc
687 4520 804 4597 quidem
837 4531 938 4578 contra
986 4522 1125 4579 cesserint
1158 4520 1324 4598 prophetoe;
1360 4519 1460 4577 nullus
1491 4540 1508 4578 e

413 4598 505 4665 illam,
519 4619 585 4676 quoe
608 4620 683 4657 uxor
707 4609 770 4657 erat
791 4600 868 4676 regis
891 4599 937 4677 ip·
987 4601 1197 4678 posterioribus
1229 4599 1348 4657 alterius
1376 4618 1510 4676 expressa

363 4700 406 4757 30
414 4699 513 4737 sorum
525 4679 673 4745 Joacimi;
693 4698 779 4756 quem
794 4697 891 4736 secum
906 4680 937 4736 in
988 4680 1133 4738 sententia
1154 4699 1224 4736 usus
1246 4689 1290 4737 est
1300 4701 1309 4747 ;
1337 4684 1409 4751 (non
1431 4678 1508 4736 enim

413 4758 552 4817 thronum
575 4759 715 4817 asciverat
737 4777 788 4815 rex
811 4758 937 4836 Babylo-
987 4758 1135 4836 indigebat
1150 4759 1213 4834 ejus
1227 4779 1321 4817 sermo
1336 4756 1508 4833 corum,qui

412 4839 540 4897 nicrum.
582 4837 673 4909 Quod
691 4838 716 4896 si
731 4838 870 4899 noniste.
885 4837 937 4896 sed
987 4857 1073 4897 verus
1087 4841 1164 4917 erat)
1179 4838 1235 4897 iste
1249 4848 1357 4906 autem,
1372 4857 1438 4896 cum
1456 4836 1508 4893 ho-

880 5032 968 5080 b'l'ob.
983 5033 1007 5081 it.
1023 5048 1044 5095 3.

511 5119 627 5168 ‘Aaron
638 5120 687 5168 xri.
700 5134 724 5181 3,
736 5137 758 5181 η
795 5120 841 5168 isa
855 5122 939 5169 mir.
954 5135 974 5183 7.
1138 5122 1250 5172 Uerum.
1263 5122 1297 5170 lii.
1311 5136 1348 5183 3².

926 5224 945 5262 o
959 5224 982 5285 g
998 5221 1015 5266 2
