<?xml version="1.0" encoding="UTF-8"?>
<!DOCTYPE html PUBLIC "-//W3C//DTD XHTML 1.0 Transitional//EN"
    "http://www.w3.org/TR/xhtml1/DTD/xhtml1-transitional.dtd">
<html xmlns="http://www.w3.org/1999/xhtml" xml:lang="en" lang="en">
 <head>
  <title>
</title>
<meta http-equiv="Content-Type" content="text/html;charset=utf-8" />
  <meta name='ocr-system' content='tesseract 3.04.00' />
  <meta name='ocr-capabilities' content='ocr_page ocr_carea ocr_par ocr_line ocrx_word'/>
</head>
<body>
  <div class='ocr_page' id='page_1' title='image "./reliquiaesacrae06routgoog_0249.png"; bbox 0 0 3917 6467; ppageno 0'>
   <div class='ocr_carea' id='block_1_1' title="bbox 441 914 1560 1564">
    <p class='ocr_par' dir='ltr' id='par_1_1' title="bbox 441 914 1560 1564">
     <span class='ocr_line' id='line_1_1' title="bbox 745 914 1560 992; baseline 0.015 -12"><span class='ocrx_word' id='word_1_1' title='bbox 745 914 969 982; x_wconf 74' lang='lat' dir='ltr'>AFRIUANI</span> <span class='ocrx_word' id='word_1_2' title='bbox 991 914 1265 984; x_wconf 81' lang='lat' dir='ltr'><strong>OHRONIOON.</strong></span> <span class='ocrx_word' id='word_1_3' title='bbox 1494 922 1560 992; x_wconf 72' lang='lat'><strong>289</strong></span> 
     </span>
     <span class='ocr_line' id='line_1_2' title="bbox 441 1074 1559 1182; baseline 0.006 -27"><span class='ocrx_word' id='word_1_4' title='bbox 441 1080 562 1156; x_wconf 74' lang='grc' dir='ltr'>-θεοΐν</span> <span class='ocrx_word' id='word_1_5' title='bbox 588 1074 817 1180; x_wconf 71' lang='grc' dir='ltr'>ἑρμηνεύσω</span> <span class='ocrx_word' id='word_1_6' title='bbox 834 1076 906 1181; x_wconf 77' lang='grc' dir='ltr'><strong>γὰρ</strong></span> <span class='ocrx_word' id='word_1_7' title='bbox 929 1076 1077 1160; x_wconf 74' lang='grc' dir='ltr'><strong>ὁἘνῶο</strong></span> <span class='ocrx_word' id='word_1_8' title='bbox 1094 1081 1226 1159; x_wconf 81' lang='grc' dir='ltr'>ὡσανεὶ</span> <span class='ocrx_word' id='word_1_9' title='bbox 1244 1077 1446 1182; x_wconf 61' lang='lat' dir='ltr'><strong>homor,</strong></span> <span class='ocrx_word' id='word_1_10' title='bbox 1467 1081 1559 1162; x_wconf 75' lang='grc' dir='ltr'>κατὰ</span> 
     </span>
     <span class='ocr_line' id='line_1_3' title="bbox 452 1208 1559 1316; baseline 0.011 -26"><span class='ocrx_word' id='word_1_11' title='bbox 452 1209 518 1290; x_wconf 78' lang='grc' dir='ltr'><strong>τὸν</strong></span> <span class='ocrx_word' id='word_1_12' title='bbox 534 1208 733 1315; x_wconf 77' lang='grc' dir='ltr'>Ἐβροῖκόν</span> <span class='ocrx_word' id='word_1_13' title='bbox 762 1221 857 1293; x_wconf 85' lang='grc' dir='ltr'>νοῦν.</span> <span class='ocrx_word' id='word_1_14' title='bbox 887 1215 981 1293; x_wconf 73' lang='grc' dir='ltr'><strong>οὕτω</strong></span> <span class='ocrx_word' id='word_1_15' title='bbox 1006 1212 1044 1293; x_wconf 74' lang='grc' dir='ltr'><strong>δὲ</strong></span> <span class='ocrx_word' id='word_1_16' title='bbox 1066 1216 1125 1293; x_wconf 77' lang='grc' dir='ltr'><strong>καὶ</strong></span> <span class='ocrx_word' id='word_1_17' title='bbox 1149 1214 1170 1293; x_wconf 86' lang='grc' dir='ltr'>ὁ</span> <span class='ocrx_word' id='word_1_18' title='bbox 1195 1211 1333 1316; x_wconf 76' lang='grc' dir='ltr'><strong><em>Σωτὴρ,</em></strong></span> <span class='ocrx_word' id='word_1_19' title='bbox 1352 1212 1425 1299; x_wconf 82' lang='lat' dir='ltr'><strong>viirr</strong></span> <span class='ocrx_word' id='word_1_20' title='bbox 1448 1214 1559 1302; x_wconf 64' lang='grc' dir='ltr'>ὄντων</span> 
     </span>
     <span class='ocr_line' id='line_1_4' title="bbox 452 1343 1557 1453; baseline 0.005 -28"><span class='ocrx_word' id='word_1_21' title='bbox 452 1347 645 1449; x_wconf 82' lang='grc' dir='ltr'>ἀνθρώπου</span> <span class='ocrx_word' id='word_1_22' title='bbox 672 1343 765 1426; x_wconf 76' lang='grc' dir='ltr'>κατὰ</span> <span class='ocrx_word' id='word_1_23' title='bbox 795 1344 859 1427; x_wconf 80' lang='grc' dir='ltr'><strong>τὸν</strong></span> <span class='ocrx_word' id='word_1_24' title='bbox 886 1343 1043 1453; x_wconf 78' lang='grc' dir='ltr'>φυσικὸν</span> <span class='ocrx_word' id='word_1_25' title='bbox 1069 1343 1193 1449; x_wconf 79' lang='grc' dir='ltr'>λόγον.</span> <span class='ocrx_word' id='word_1_26' title='bbox 1246 1361 1440 1446; x_wconf 64' lang='grc' dir='ltr'>Ἀφρικανοῦ.</span> <span class='ocrx_word' id='word_1_27' title='bbox 1483 1371 1557 1430; x_wconf 76' lang='lat' dir='ltr'><strong>Hac</strong></span> 
     </span>
     <span class='ocr_line' id='line_1_5' title="bbox 451 1482 1268 1564; baseline 0.001 -23"><span class='ocrx_word' id='word_1_28' title='bbox 451 1482 539 1541; x_wconf 75' lang='lat' dir='ltr'><strong>affert</strong></span> <span class='ocrx_word' id='word_1_29' title='bbox 554 1482 701 1562; x_wconf 77' lang='lat' dir='ltr'><strong>Georgius</strong></span> <span class='ocrx_word' id='word_1_30' title='bbox 715 1483 868 1562; x_wconf 72' lang='lat' dir='ltr'>syncellus</span> <span class='ocrx_word' id='word_1_31' title='bbox 883 1504 949 1564; x_wconf 86' lang='lat' dir='ltr'><strong>pag.</strong></span> <span class='ocrx_word' id='word_1_32' title='bbox 969 1504 1014 1543; x_wconf 88' lang='lat' dir='ltr'><strong>ro.</strong></span> <span class='ocrx_word' id='word_1_33' title='bbox 1031 1484 1268 1560; x_wconf 68' lang='lat' dir='ltr'><strong>ctowqraptiae.</strong></span> 
     </span>
    </p>
   </div>
   <div class='ocr_carea' id='block_1_2' title="bbox 413 1639 1556 1876">
    <p class='ocr_par' dir='ltr' id='par_1_2' title="bbox 413 1639 1556 1876">
     <span class='ocr_line' id='line_1_6' title="bbox 413 1639 1556 1718; baseline 0.003 -21"><span class='ocrx_word' id='word_1_34' title='bbox 413 1653 442 1710; x_wconf 78' lang='lat'><strong>5</strong></span> <span class='ocrx_word' id='word_1_35' title='bbox 493 1639 576 1698; x_wconf 86' lang='lat' dir='ltr'><strong>nitar</strong></span> <span class='ocrx_word' id='word_1_36' title='bbox 607 1639 685 1698; x_wconf 89' lang='lat' dir='ltr'><strong>enim</strong></span> <span class='ocrx_word' id='word_1_37' title='bbox 712 1641 793 1698; x_wconf 81' lang='lat' dir='ltr'><strong>Eoos</strong></span> <span class='ocrx_word' id='word_1_38' title='bbox 820 1639 979 1699; x_wconf 82' lang='lat' dir='ltr'><strong>secundum</strong></span> <span class='ocrx_word' id='word_1_39' title='bbox 1029 1642 1156 1700; x_wconf 90' lang='lat' dir='ltr'><strong>hominis</strong></span> <span class='ocrx_word' id='word_1_40' title='bbox 1172 1640 1249 1700; x_wconf 86' lang='lat' dir='ltr'><strong>filius</strong></span> <span class='ocrx_word' id='word_1_41' title='bbox 1267 1651 1313 1699; x_wconf 84' lang='lat' dir='ltr'><strong>est</strong></span> <span class='ocrx_word' id='word_1_42' title='bbox 1326 1640 1414 1718; x_wconf 82' lang='lat' dir='ltr'><strong>juxta</strong></span> <span class='ocrx_word' id='word_1_43' title='bbox 1438 1653 1556 1701; x_wconf 87' lang='lat' dir='ltr'><strong>natura·</strong></span> 
     </span>
     <span class='ocr_line' id='line_1_7' title="bbox 486 1719 1505 1799; baseline 0.005 -21"><span class='ocrx_word' id='word_1_44' title='bbox 486 1720 608 1779; x_wconf 73' lang='lat' dir='ltr'><strong>ebraice</strong></span> <span class='ocrx_word' id='word_1_45' title='bbox 628 1719 721 1781; x_wconf 76' lang='lat' dir='ltr'><strong>litero</strong></span> <span class='ocrx_word' id='word_1_46' title='bbox 741 1731 879 1788; x_wconf 82' lang='lat' dir='ltr'><strong>mentem,</strong></span> <span class='ocrx_word' id='word_1_47' title='bbox 897 1722 979 1797; x_wconf 86' lang='lat' dir='ltr'><strong>quasi</strong></span> <span class='ocrx_word' id='word_1_48' title='bbox 1030 1721 1088 1782; x_wconf 85' lang='lat' dir='ltr'><strong>lem</strong></span> <span class='ocrx_word' id='word_1_49' title='bbox 1102 1722 1264 1781; x_wconf 84' lang='lat' dir='ltr'><strong>rationem:</strong></span> <span class='ocrx_word' id='word_1_50' title='bbox 1287 1723 1328 1779; x_wconf 83' lang='lat' dir='ltr'><strong>ait</strong></span> <span class='ocrx_word' id='word_1_51' title='bbox 1341 1724 1505 1799; x_wconf 77' lang='lat' dir='ltr'><strong>Africanas.</strong></span> 
     </span>
     <span class='ocr_line' id='line_1_8' title="bbox 453 1799 978 1876; baseline 0.004 -18"><span class='ocrx_word' id='word_1_52' title='bbox 453 1800 553 1866; x_wconf 79' lang='lat' dir='ltr'><strong>homo,</strong></span> <span class='ocrx_word' id='word_1_53' title='bbox 564 1800 607 1859; x_wconf 90' lang='lat' dir='ltr'><strong>ita</strong></span> <span class='ocrx_word' id='word_1_54' title='bbox 620 1811 650 1859; x_wconf 88' lang='lat' dir='ltr'><strong>et</strong></span> <span class='ocrx_word' id='word_1_55' title='bbox 664 1799 799 1859; x_wconf 75' lang='lat' dir='ltr'>Salvator</span> <span class='ocrx_word' id='word_1_56' title='bbox 808 1802 867 1859; x_wconf 82' lang='lat' dir='ltr'><strong>veri</strong></span> <span class='ocrx_word' id='word_1_57' title='bbox 883 1805 978 1876; x_wconf 84' lang='lat' dir='ltr'><strong>(vere)</strong></span> 
     </span>
    </p>
   </div>
   <div class='ocr_carea' id='block_1_3' title="bbox 823 1984 1186 2023">
    <p class='ocr_par' dir='ltr' id='par_1_3' title="bbox 823 1984 1186 2023">
     <span class='ocr_line' id='line_1_9' title="bbox 823 1984 1186 2023; baseline 0.003 -14"><span class='ocrx_word' id='word_1_58' title='bbox 823 1984 1186 2023; x_wconf 51' lang='lat'><strong>*-</strong></span> 
     </span>
    </p>
   </div>
   <div class='ocr_carea' id='block_1_4' title="bbox 407 2157 1557 2546">
    <p class='ocr_par' dir='ltr' id='par_1_4' title="bbox 407 2157 1557 2546">
     <span class='ocr_line' id='line_1_10' title="bbox 980 2157 1038 2227; baseline 0.034 -2"><span class='ocrx_word' id='word_1_59' title='bbox 980 2157 1038 2227; x_wconf 91' lang='lat' dir='ltr'><strong>IV.</strong></span> 
     </span>
     <span class='ocr_line' id='line_1_11' title="bbox 510 2296 1557 2411; baseline 0.006 -32"><span class='ocrx_word' id='word_1_60' title='bbox 510 2302 665 2403; x_wconf 81' lang='grc' dir='ltr'>Λέγετοι</span> <span class='ocrx_word' id='word_1_61' title='bbox 682 2296 755 2401; x_wconf 82' lang='grc' dir='ltr'><strong>γὰρ</strong></span> <span class='ocrx_word' id='word_1_62' title='bbox 773 2298 968 2399; x_wconf 70' lang='grc' dir='ltr'>ὁμωνύμως</span> <span class='ocrx_word' id='word_1_63' title='bbox 991 2299 1011 2377; x_wconf 83' lang='grc' dir='ltr'><strong>ὁ</strong></span> <span class='ocrx_word' id='word_1_64' title='bbox 1037 2297 1131 2383; x_wconf 75' lang='grc' dir='ltr'>Θεὸς</span> <span class='ocrx_word' id='word_1_65' title='bbox 1154 2304 1247 2380; x_wconf 82' lang='grc' dir='ltr'>πᾶσι</span> <span class='ocrx_word' id='word_1_66' title='bbox 1271 2307 1346 2386; x_wconf 71' lang='grc' dir='ltr'>τοῖς</span> <span class='ocrx_word' id='word_1_67' title='bbox 1370 2302 1414 2411; x_wconf 78' lang='grc' dir='ltr'><strong>ἐξ</strong></span> <span class='ocrx_word' id='word_1_68' title='bbox 1437 2304 1557 2403; x_wconf 79' lang='grc' dir='ltr'>αὐτοῦ,</span> 
     </span>
     <span class='ocr_line' id='line_1_12' title="bbox 407 2433 1557 2546; baseline 0.009 -37"><span class='ocrx_word' id='word_1_69' title='bbox 407 2433 573 2537; x_wconf 72' lang='grc' dir='ltr'>ιοέπειδὴ</span> <span class='ocrx_word' id='word_1_70' title='bbox 591 2438 629 2515; x_wconf 84' lang='grc' dir='ltr'><strong>ἐν</strong></span> <span class='ocrx_word' id='word_1_71' title='bbox 653 2440 767 2515; x_wconf 80' lang='grc' dir='ltr'>πᾶσιν</span> <span class='ocrx_word' id='word_1_72' title='bbox 791 2437 903 2515; x_wconf 82' lang='grc' dir='ltr'>ἐστιν.</span> <span class='ocrx_word' id='word_1_73' title='bbox 961 2435 1028 2514; x_wconf 89' lang='grc' dir='ltr'><strong>Ἐν</strong></span> <span class='ocrx_word' id='word_1_74' title='bbox 1051 2433 1091 2514; x_wconf 75' lang='grc' dir='ltr'><strong>δὲ</strong></span> <span class='ocrx_word' id='word_1_75' title='bbox 1113 2440 1159 2538; x_wconf 78' lang='grc' dir='ltr'><strong>τῇ</strong></span> <span class='ocrx_word' id='word_1_76' title='bbox 1183 2438 1373 2546; x_wconf 67' lang='grc' dir='ltr'>οἰκονομίᾳ,</span> <span class='ocrx_word' id='word_1_77' title='bbox 1393 2441 1442 2522; x_wconf 73' lang='grc' dir='ltr'><strong>ὡς</strong></span> <span class='ocrx_word' id='word_1_78' title='bbox 1465 2438 1557 2519; x_wconf 76' lang='grc' dir='ltr'>κατὰ</span> 
     </span>
    </p>
   </div>
   <div class='ocr_carea' id='block_1_5' title="bbox 407 2570 1557 3228">
    <p class='ocr_par' dir='ltr' id='par_1_5' title="bbox 452 2570 1556 2677">
     <span class='ocr_line' id='line_1_13' title="bbox 452 2570 1556 2677; baseline 0.005 -25"><span class='ocrx_word' id='word_1_79' title='bbox 452 2571 520 2672; x_wconf 75' lang='grc' dir='ltr'><strong>τὴν</strong></span> <span class='ocrx_word' id='word_1_80' title='bbox 539 2572 666 2652; x_wconf 81' lang='grc' dir='ltr'>οὐσίαν</span> <span class='ocrx_word' id='word_1_81' title='bbox 685 2570 775 2672; x_wconf 81' lang='grc' dir='ltr'>ὅλην</span> <span class='ocrx_word' id='word_1_82' title='bbox 799 2571 992 2668; x_wconf 76' lang='grc' dir='ltr'>οὐσιωθεὶς,</span> <span class='ocrx_word' id='word_1_83' title='bbox 1010 2570 1199 2676; x_wconf 71' lang='grc' dir='ltr'>ἅνθρωπος·</span> <span class='ocrx_word' id='word_1_84' title='bbox 1223 2572 1378 2677; x_wconf 72' lang='grc' dir='ltr'>λέγεται,</span> <span class='ocrx_word' id='word_1_85' title='bbox 1398 2574 1490 2655; x_wconf 77' lang='grc' dir='ltr'><strong>κατὰ</strong></span> <span class='ocrx_word' id='word_1_86' title='bbox 1514 2573 1556 2657; x_wconf 81' lang='grc' dir='ltr'><strong>τὸ</strong></span> 
     </span>
    </p>

    <p class='ocr_par' dir='ltr' id='par_1_6' title="bbox 448 2702 1554 2814">
     <span class='ocr_line' id='line_1_14' title="bbox 448 2702 1554 2814; baseline 0.006 -30"><span class='ocrx_word' id='word_1_87' title='bbox 448 2705 649 2809; x_wconf 77' lang='grc' dir='ltr'>εἰρημένον·</span> <span class='ocrx_word' id='word_1_88' title='bbox 679 2703 756 2786; x_wconf 80' lang='grc' dir='ltr'><strong>ιἙν</strong></span> <span class='ocrx_word' id='word_1_89' title='bbox 775 2702 804 2814; x_wconf 77' lang='grc' dir='ltr'><strong><em>ᾧ</em></strong></span> <span class='ocrx_word' id='word_1_90' title='bbox 822 2711 979 2786; x_wconf 76' lang='grc' dir='ltr'>κατοικεῖ</span> <span class='ocrx_word' id='word_1_91' title='bbox 999 2711 1073 2786; x_wconf 83' lang='grc' dir='ltr'><strong>πᾶν</strong></span> <span class='ocrx_word' id='word_1_92' title='bbox 1098 2709 1162 2806; x_wconf 76' lang='grc' dir='ltr'><strong>τῆς</strong></span> <span class='ocrx_word' id='word_1_93' title='bbox 1188 2704 1367 2809; x_wconf 74' lang='grc' dir='ltr'>Θεότητοο</span> <span class='ocrx_word' id='word_1_94' title='bbox 1388 2707 1430 2789; x_wconf 83' lang='lat' dir='ltr'><strong>rir</strong></span> <span class='ocrx_word' id='word_1_95' title='bbox 1453 2722 1554 2812; x_wconf 82' lang='grc' dir='ltr'>πλη·</span> 
     </span>
    </p>

    <p class='ocr_par' dir='ltr' id='par_1_7' title="bbox 450 2847 1557 2947">
     <span class='ocr_line' id='line_1_15' title="bbox 450 2847 1557 2947; baseline 0.006 -39"><span class='ocrx_word' id='word_1_96' title='bbox 450 2849 558 2947; x_wconf 73' lang='grc' dir='ltr'><strong>ρῶμα</strong></span> <span class='ocrx_word' id='word_1_97' title='bbox 574 2847 796 2939; x_wconf 72' lang='grc' dir='ltr'>σωματικῶς,</span> <span class='ocrx_word' id='word_1_98' title='bbox 839 2851 913 2910; x_wconf 81' lang='lat' dir='ltr'><strong>Haea</strong></span> <span class='ocrx_word' id='word_1_99' title='bbox 930 2851 962 2909; x_wconf 90' lang='lat' dir='ltr'><strong>in</strong></span> <span class='ocrx_word' id='word_1_100' title='bbox 976 2851 1096 2909; x_wconf 74' lang='lat' dir='ltr'><strong>Scholiia</strong></span> <span class='ocrx_word' id='word_1_101' title='bbox 1113 2861 1215 2911; x_wconf 85' lang='lat' dir='ltr'><strong>extant</strong></span> <span class='ocrx_word' id='word_1_102' title='bbox 1230 2852 1355 2910; x_wconf 77' lang='lat' dir='ltr'><strong>Maximi</strong></span> <span class='ocrx_word' id='word_1_103' title='bbox 1374 2853 1557 2915; x_wconf 82' lang='lat' dir='ltr'><strong>confessoris</strong></span> 
     </span>
    </p>

    <p class='ocr_par' dir='ltr' id='par_1_8' title="bbox 407 2973 1533 3228">
     <span class='ocr_line' id='line_1_16' title="bbox 452 2973 1533 3058; baseline -0.003 -21"><span class='ocrx_word' id='word_1_104' title='bbox 452 2981 481 3037; x_wconf 77' lang='lat' dir='ltr'><strong>ia</strong></span> <span class='ocrx_word' id='word_1_105' title='bbox 496 2981 617 3055; x_wconf 77' lang='lat' dir='ltr'><strong>Dionys.</strong></span> <span class='ocrx_word' id='word_1_106' title='bbox 631 2980 734 3055; x_wconf 82' lang='lat' dir='ltr'><strong>Areop.</strong></span> <span class='ocrx_word' id='word_1_107' title='bbox 748 2998 778 3058; x_wconf 88' lang='lat' dir='ltr'><strong>p.</strong></span> <span class='ocrx_word' id='word_1_108' title='bbox 796 2976 844 3052; x_wconf 85' lang='lat'><strong>76.</strong></span> <span class='ocrx_word' id='word_1_109' title='bbox 859 2973 904 3035; x_wconf 89' lang='lat' dir='ltr'><strong>ed.</strong></span> <span class='ocrx_word' id='word_1_110' title='bbox 920 2973 1052 3032; x_wconf 86' lang='lat' dir='ltr'><strong>Corderii</strong></span> <span class='ocrx_word' id='word_1_111' title='bbox 1070 2973 1122 3050; x_wconf 81' lang='lat' dir='ltr'><strong>Op.</strong></span> <span class='ocrx_word' id='word_1_112' title='bbox 1138 2973 1171 3031; x_wconf 85' lang='lat' dir='ltr'><strong>S.</strong></span> <span class='ocrx_word' id='word_1_113' title='bbox 1183 2974 1268 3033; x_wconf 81' lang='lat' dir='ltr'><strong>Dion.</strong></span> <span class='ocrx_word' id='word_1_114' title='bbox 1278 2976 1380 3051; x_wconf 79' lang='lat' dir='ltr'><strong>Areop.</strong></span> <span class='ocrx_word' id='word_1_115' title='bbox 1395 2974 1533 3054; x_wconf 87' lang='lat' dir='ltr'><strong>adsoript.</strong></span> 
     </span>
     <span class='ocr_line' id='line_1_17' title="bbox 407 3145 1210 3228; baseline -0.006 -19"><span class='ocrx_word' id='word_1_116' title='bbox 407 3167 443 3228; x_wconf 76' lang='grc' dir='ltr'><strong>ις</strong></span> <span class='ocrx_word' id='word_1_117' title='bbox 793 3148 947 3224; x_wconf 74' lang='lat' dir='ltr'><strong>Interprete</strong></span> <span class='ocrx_word' id='word_1_118' title='bbox 959 3145 1055 3203; x_wconf 72' lang='lat' dir='ltr'><strong>Buta.</strong></span> <span class='ocrx_word' id='word_1_119' title='bbox 1072 3145 1210 3205; x_wconf 80' lang='lat' dir='ltr'><strong>Cordm&#39;o.</strong></span> 
     </span>
    </p>
   </div>
   <div class='ocr_carea' id='block_1_6' title="bbox 409 3298 1556 3704">
    <p class='ocr_par' dir='ltr' id='par_1_9' title="bbox 452 3298 1556 3624">
     <span class='ocr_line' id='line_1_18' title="bbox 495 3298 1556 3369; baseline -0.003 -6"><span class='ocrx_word' id='word_1_120' title='bbox 495 3305 615 3363; x_wconf 83' lang='lat' dir='ltr'><strong>Dicitur</strong></span> <span class='ocrx_word' id='word_1_121' title='bbox 636 3304 715 3363; x_wconf 85' lang='lat' dir='ltr'><strong>enim</strong></span> <span class='ocrx_word' id='word_1_122' title='bbox 737 3301 839 3361; x_wconf 89' lang='lat' dir='ltr'><strong>eodem</strong></span> <span class='ocrx_word' id='word_1_123' title='bbox 862 3299 980 3357; x_wconf 87' lang='lat' dir='ltr'><strong>nomine</strong></span> <span class='ocrx_word' id='word_1_124' title='bbox 1030 3298 1221 3356; x_wconf 75' lang='lat' dir='ltr'><strong>substantiam</strong></span> <span class='ocrx_word' id='word_1_125' title='bbox 1245 3300 1453 3369; x_wconf 85' lang='lat' dir='ltr'><strong>substantialis,</strong></span> <span class='ocrx_word' id='word_1_126' title='bbox 1468 3301 1556 3361; x_wconf 92' lang='lat' dir='ltr'><strong>homo</strong></span> 
     </span>
     <span class='ocr_line' id='line_1_19' title="bbox 454 3377 1552 3461; baseline -0.004 -16"><span class='ocrx_word' id='word_1_127' title='bbox 454 3385 538 3445; x_wconf 87' lang='lat' dir='ltr'><strong>Deus</strong></span> <span class='ocrx_word' id='word_1_128' title='bbox 551 3385 686 3443; x_wconf 88' lang='lat' dir='ltr'><strong>omnibus</strong></span> <span class='ocrx_word' id='word_1_129' title='bbox 699 3403 764 3461; x_wconf 75' lang='lat' dir='ltr'><strong>qum</strong></span> <span class='ocrx_word' id='word_1_130' title='bbox 775 3403 812 3443; x_wconf 84' lang='lat' dir='ltr'><strong>ex</strong></span> <span class='ocrx_word' id='word_1_131' title='bbox 823 3381 887 3461; x_wconf 87' lang='lat' dir='ltr'><strong>ipso</strong></span> <span class='ocrx_word' id='word_1_132' title='bbox 900 3390 979 3447; x_wconf 86' lang='lat' dir='ltr'><strong>sunt,</strong></span> <span class='ocrx_word' id='word_1_133' title='bbox 1030 3377 1147 3444; x_wconf 87' lang='lat' dir='ltr'><strong>dicitur,</strong></span> <span class='ocrx_word' id='word_1_134' title='bbox 1158 3378 1246 3455; x_wconf 87' lang='lat' dir='ltr'><strong>juxta</strong></span> <span class='ocrx_word' id='word_1_135' title='bbox 1259 3380 1338 3458; x_wconf 91' lang='lat' dir='ltr'><strong>quod</strong></span> <span class='ocrx_word' id='word_1_136' title='bbox 1357 3380 1470 3440; x_wconf 82' lang='lat' dir='ltr'><strong>dictum</strong></span> <span class='ocrx_word' id='word_1_137' title='bbox 1488 3394 1552 3442; x_wconf 83' lang='lat' dir='ltr'><strong>est:</strong></span> 
     </span>
     <span class='ocr_line' id='line_1_20' title="bbox 453 3459 1556 3545; baseline -0.002 -20"><span class='ocrx_word' id='word_1_138' title='bbox 453 3467 591 3545; x_wconf 90' lang='lat' dir='ltr'><strong>quoniam</strong></span> <span class='ocrx_word' id='word_1_139' title='bbox 607 3466 636 3523; x_wconf 92' lang='lat' dir='ltr'><strong>in</strong></span> <span class='ocrx_word' id='word_1_140' title='bbox 650 3464 785 3523; x_wconf 88' lang='lat' dir='ltr'><strong>omnibus</strong></span> <span class='ocrx_word' id='word_1_141' title='bbox 799 3460 909 3522; x_wconf 86' lang='lat' dir='ltr'><strong>existit.</strong></span> <span class='ocrx_word' id='word_1_142' title='bbox 943 3460 980 3518; x_wconf 87' lang='lat' dir='ltr'><strong>In</strong></span> <span class='ocrx_word' id='word_1_143' title='bbox 1029 3459 1066 3516; x_wconf 83' lang='lat' dir='ltr'><strong>Ia</strong></span> <span class='ocrx_word' id='word_1_144' title='bbox 1080 3479 1131 3535; x_wconf 79' lang='lat' dir='ltr'><strong>qao</strong></span> <span class='ocrx_word' id='word_1_145' title='bbox 1144 3460 1306 3519; x_wconf 75' lang='lat' dir='ltr'><strong>inhabitavit</strong></span> <span class='ocrx_word' id='word_1_146' title='bbox 1322 3464 1406 3519; x_wconf 78' lang='lat' dir='ltr'><strong>onrais</strong></span> <span class='ocrx_word' id='word_1_147' title='bbox 1413 3463 1556 3539; x_wconf 74' lang='lat' dir='ltr'><strong>plenitudo</strong></span> 
     </span>
     <span class='ocr_line' id='line_1_21' title="bbox 452 3541 1383 3624; baseline -0.005 -18"><span class='ocrx_word' id='word_1_148' title='bbox 452 3547 509 3606; x_wconf 70' lang='lat' dir='ltr'><strong>aaa</strong></span> <span class='ocrx_word' id='word_1_149' title='bbox 538 3557 637 3605; x_wconf 86' lang='lat' dir='ltr'><strong>autem</strong></span> <span class='ocrx_word' id='word_1_150' title='bbox 669 3544 884 3624; x_wconf 86' lang='lat' dir='ltr'><strong>dispensatione</strong></span> <span class='ocrx_word' id='word_1_151' title='bbox 915 3551 980 3599; x_wconf 87' lang='lat' dir='ltr'><strong>tan·</strong></span> <span class='ocrx_word' id='word_1_152' title='bbox 1031 3541 1182 3598; x_wconf 76' lang='lat' dir='ltr'><strong>divinitatis</strong></span> <span class='ocrx_word' id='word_1_153' title='bbox 1195 3543 1383 3620; x_wconf 71' lang='lat' dir='ltr'><strong>corporaliter.</strong></span> 
     </span>
    </p>

    <p class='ocr_par' dir='ltr' id='par_1_10' title="bbox 409 3619 981 3704">
     <span class='ocr_line' id='line_1_22' title="bbox 409 3619 981 3704; baseline -0.01 -18"><span class='ocrx_word' id='word_1_154' title='bbox 409 3647 541 3704; x_wconf 68' lang='lat' dir='ltr'><strong>mquam</strong></span> <span class='ocrx_word' id='word_1_155' title='bbox 561 3625 722 3685; x_wconf 84' lang='lat' dir='ltr'><strong>secundum</strong></span> <span class='ocrx_word' id='word_1_156' title='bbox 740 3635 831 3683; x_wconf 87' lang='lat' dir='ltr'><strong>totam</strong></span> <span class='ocrx_word' id='word_1_157' title='bbox 854 3619 981 3681; x_wconf 90' lang='lat' dir='ltr'><strong>hominis</strong></span> 
     </span>
    </p>
   </div>
   <div class='ocr_carea' id='block_1_7' title="bbox 839 3816 1171 3850">
    <p class='ocr_par' dir='ltr' id='par_1_11' title="bbox 839 3816 1171 3850">
     <span class='ocr_line' id='line_1_23' title="bbox 839 3816 1171 3850; baseline 0.003 -11"><span class='ocrx_word' id='word_1_158' title='bbox 839 3816 1171 3850; x_wconf 51' lang='lat'><strong>*—</strong></span> 
     </span>
    </p>
   </div>
   <div class='ocr_carea' id='block_1_8' title="bbox 985 3967 1023 4030">
    <p class='ocr_par' dir='ltr' id='par_1_12' title="bbox 985 3967 1023 4030">
     <span class='ocr_line' id='line_1_24' title="bbox 985 3967 1023 4030; baseline 0.026 -1"><span class='ocrx_word' id='word_1_159' title='bbox 985 3967 1023 4030; x_wconf 89' lang='lat' dir='ltr'><strong>V.</strong></span> 
     </span>
    </p>
   </div>
   <div class='ocr_carea' id='block_1_9' title="bbox 414 4120 1556 4648">
    <p class='ocr_par' dir='ltr' id='par_1_13' title="bbox 450 4120 1556 4485">
     <span class='ocr_line' id='line_1_25' title="bbox 493 4120 1555 4206; baseline 0.01 -29"><span class='ocrx_word' id='word_1_160' title='bbox 493 4161 582 4177; x_wconf 90' lang='grc'>-</span> <span class='ocrx_word' id='word_1_161' title='bbox 601 4123 669 4206; x_wconf 66' lang='grc' dir='ltr'>περὶ</span> <span class='ocrx_word' id='word_1_162' title='bbox 696 4123 731 4187; x_wconf 72' lang='grc' dir='ltr'><strong>οὗ</strong></span> <span class='ocrx_word' id='word_1_163' title='bbox 753 4122 955 4200; x_wconf 77' lang='lat' dir='ltr'><strong>(Mathusalae)</strong></span> <span class='ocrx_word' id='word_1_164' title='bbox 976 4120 1166 4202; x_wconf 76' lang='grc' dir='ltr'>Ἀφρικανός·</span> <span class='ocrx_word' id='word_1_165' title='bbox 1195 4124 1264 4200; x_wconf 89' lang='lat' dir='ltr'><strong>(hoo</strong></span> <span class='ocrx_word' id='word_1_166' title='bbox 1284 4136 1433 4205; x_wconf 88' lang='lat' dir='ltr'><strong>sumptum</strong></span> <span class='ocrx_word' id='word_1_167' title='bbox 1455 4140 1500 4188; x_wconf 86' lang='lat' dir='ltr'><strong>est</strong></span> <span class='ocrx_word' id='word_1_168' title='bbox 1520 4151 1555 4191; x_wconf 83' lang='lat' dir='ltr'><strong>ex</strong></span> 
     </span>
     <span class='ocr_line' id='line_1_26' title="bbox 451 4229 1556 4335; baseline -0.002 -21"><span class='ocrx_word' id='word_1_169' title='bbox 451 4256 574 4335; x_wconf 81' lang='lat' dir='ltr'><strong>Georgii</strong></span> <span class='ocrx_word' id='word_1_170' title='bbox 602 4251 730 4333; x_wconf 88' lang='lat' dir='ltr'><strong>Syncelli</strong></span> <span class='ocrx_word' id='word_1_171' title='bbox 761 4248 986 4324; x_wconf 71' lang='lat' dir='ltr'><strong>chronographia</strong></span> <span class='ocrx_word' id='word_1_172' title='bbox 1010 4267 1076 4326; x_wconf 87' lang='lat' dir='ltr'><strong>pag.</strong></span> <span class='ocrx_word' id='word_1_173' title='bbox 1106 4252 1166 4319; x_wconf 82' lang='lat'><em>21.)</em></span> <span class='ocrx_word' id='word_1_174' title='bbox 1237 4229 1357 4316; x_wconf 76' lang='grc' dir='ltr'>Οὗτος</span> <span class='ocrx_word' id='word_1_175' title='bbox 1388 4231 1556 4318; x_wconf 72' lang='grc' dir='ltr'>ἁπάντων</span> 
     </span>
     <span class='ocr_line' id='line_1_27' title="bbox 450 4363 1553 4485; baseline -0.001 -32"><span class='ocrx_word' id='word_1_176' title='bbox 450 4374 601 4453; x_wconf 81' lang='grc' dir='ltr'>πλείονα</span> <span class='ocrx_word' id='word_1_177' title='bbox 624 4368 754 4475; x_wconf 84' lang='grc' dir='ltr'>χρόνον</span> <span class='ocrx_word' id='word_1_178' title='bbox 778 4372 863 4463; x_wconf 81' lang='grc' dir='ltr'>βιοῖ,</span> <span class='ocrx_word' id='word_1_179' title='bbox 881 4367 954 4444; x_wconf 80' lang='grc' dir='ltr'><strong>τῶν</strong></span> <span class='ocrx_word' id='word_1_180' title='bbox 983 4398 1021 4442; x_wconf 87' lang='grc' dir='ltr'><strong>τε</strong></span> <span class='ocrx_word' id='word_1_181' title='bbox 1046 4363 1118 4467; x_wconf 83' lang='grc' dir='ltr'><strong>πρὸ</strong></span> <span class='ocrx_word' id='word_1_182' title='bbox 1144 4366 1263 4465; x_wconf 77' lang='grc' dir='ltr'>αὐτοῦ,</span> <span class='ocrx_word' id='word_1_183' title='bbox 1283 4369 1342 4446; x_wconf 82' lang='grc' dir='ltr'><strong>καὶ</strong></span> <span class='ocrx_word' id='word_1_184' title='bbox 1365 4375 1438 4450; x_wconf 82' lang='grc' dir='ltr'><strong>τῶν</strong></span> <span class='ocrx_word' id='word_1_185' title='bbox 1471 4371 1553 4485; x_wconf 72' lang='grc' dir='ltr'><strong>ἑξῆς</strong></span> 
     </span>
    </p>

    <p class='ocr_par' dir='ltr' id='par_1_14' title="bbox 414 4566 1137 4648">
     <span class='ocr_line' id='line_1_28' title="bbox 414 4566 1137 4648; baseline -0.006 -21"><span class='ocrx_word' id='word_1_186' title='bbox 414 4587 443 4648; x_wconf 82' lang='lat'><strong>²⁵</strong></span> <span class='ocrx_word' id='word_1_187' title='bbox 868 4566 1022 4644; x_wconf 73' lang='lat' dir='ltr'><strong>Interprete</strong></span> <span class='ocrx_word' id='word_1_188' title='bbox 1038 4567 1137 4624; x_wconf 81' lang='lat' dir='ltr'><strong>Goaro.</strong></span> 
     </span>
    </p>
   </div>
   <div class='ocr_carea' id='block_1_10' title="bbox 445 4713 1555 4874">
    <p class='ocr_par' dir='ltr' id='par_1_15' title="bbox 445 4713 1555 4874">
     <span class='ocr_line' id='line_1_29' title="bbox 484 4713 1555 4794; baseline -0.002 -17"><span class='ocrx_word' id='word_1_189' title='bbox 484 4720 555 4777; x_wconf 82' lang='lat' dir='ltr'><strong>—de</strong></span> <span class='ocrx_word' id='word_1_190' title='bbox 568 4738 623 4794; x_wconf 88' lang='lat' dir='ltr'><strong>quo</strong></span> <span class='ocrx_word' id='word_1_191' title='bbox 634 4719 785 4775; x_wconf 77' lang='lat' dir='ltr'><strong>Africanus.</strong></span> <span class='ocrx_word' id='word_1_192' title='bbox 829 4713 890 4773; x_wconf 85' lang='lat' dir='ltr'><strong>Hic</strong></span> <span class='ocrx_word' id='word_1_193' title='bbox 917 4733 976 4793; x_wconf 78' lang='lat' dir='ltr'><strong>pru</strong></span> <span class='ocrx_word' id='word_1_194' title='bbox 1026 4713 1235 4792; x_wconf 84' lang='lat' dir='ltr'><strong>posterioribus</strong></span> <span class='ocrx_word' id='word_1_195' title='bbox 1267 4713 1426 4792; x_wconf 81' lang='lat' dir='ltr'><strong>longiorem</strong></span> <span class='ocrx_word' id='word_1_196' title='bbox 1462 4715 1555 4775; x_wconf 83' lang='lat' dir='ltr'><strong>vitam</strong></span> 
     </span>
     <span class='ocr_line' id='line_1_30' title="bbox 445 4793 1555 4874; baseline -0.001 -18"><span class='ocrx_word' id='word_1_197' title='bbox 445 4798 594 4867; x_wconf 78' lang='lat' dir='ltr'><strong>omnibus,</strong></span> <span class='ocrx_word' id='word_1_198' title='bbox 620 4816 685 4857; x_wconf 87' lang='lat' dir='ltr'><strong>cum</strong></span> <span class='ocrx_word' id='word_1_199' title='bbox 716 4794 883 4873; x_wconf 90' lang='lat' dir='ltr'><strong>majoribus,</strong></span> <span class='ocrx_word' id='word_1_200' title='bbox 911 4805 975 4852; x_wconf 88' lang='lat' dir='ltr'><strong>tum</strong></span> <span class='ocrx_word' id='word_1_201' title='bbox 1026 4793 1110 4853; x_wconf 90' lang='lat' dir='ltr'><strong>annis</strong></span> <span class='ocrx_word' id='word_1_202' title='bbox 1135 4794 1284 4865; x_wconf 87' lang='lat' dir='ltr'><strong>nimirum,</strong></span> <span class='ocrx_word' id='word_1_203' title='bbox 1309 4795 1465 4874; x_wconf 85' lang='lat' dir='ltr'><strong>nongentis</strong></span> <span class='ocrx_word' id='word_1_204' title='bbox 1491 4815 1555 4855; x_wconf 85' lang='lat' dir='ltr'><strong>sex·</strong></span> 
     </span>
    </p>
   </div>
   <div class='ocr_carea' id='block_1_11' title="bbox 908 4976 1092 5040">
    <p class='ocr_par' dir='ltr' id='par_1_16' title="bbox 908 4976 1092 5040">
     <span class='ocr_line' id='line_1_31' title="bbox 908 4976 1092 5040; baseline 0 -14"><span class='ocrx_word' id='word_1_205' title='bbox 908 4976 1092 5040; x_wconf 81' lang='lat' dir='ltr'><strong>IColoas.ii.9.</strong></span> 
     </span>
    </p>
   </div>
   <div class='ocr_carea' id='block_1_12' title="bbox 0 0 1964 6467">
    <p class='ocr_par' dir='ltr' id='par_1_17' title="bbox 0 0 1964 6467">
     <span class='ocr_line' id='line_1_32' title="bbox 0 0 1964 6467; baseline 0 1"><span class='ocrx_word' id='word_1_206' title='bbox 0 0 1964 6467; x_wconf 95' lang='lat' dir='ltr'><strong> </strong></span> 
     </span>
    </p>
   </div>
  </div>
 </body>
</html>
