3917 6467
633 1098 681 1163 IN
704 1099 927 1165 AFRICANI
952 1099 1200 1165 CHRONIOA.
1402 1101 1467 1165 417

361 1268 413 1342 τῆς
439 1268 566 1345 γραφῆς,
590 1287 660 1350 qnae
682 1264 809 1350 quidem
833 1265 962 1349 Georgii
987 1265 1121 1348 Syncelli
1144 1286 1212 1328 esse
1234 1264 1389 1339 videntur,
1413 1263 1466 1347 qui

362 1362 438 1427 huia
451 1364 549 1445 ῥήσει,
564 1366 659 1430 titulo
674 1369 690 1429 ὁ
704 1365 888 1446 Ἀφρικανὸς
902 1365 1070 1450 insignitae,
1087 1366 1183 1428 verba
1197 1363 1370 1448 subjunxit,
1382 1365 1420 1430 ὡς
1434 1365 1467 1426 ἐκ

361 1467 414 1543 τῆς
429 1471 557 1547 γραφῆς·
580 1468 642 1547 ἡδὶ
657 1468 759 1549 γραφὴ
774 1468 903 1546 οὐδαμοῦ
918 1469 1058 1547 φαίνεται
1072 1470 1158 1528 τοῦτο
1173 1464 1308 1545 λέγουσα
1325 1467 1380 1527 &a

865 1742 964 1805 XVI.

407 1873 448 1938 Ρ.
464 1877 536 1956 267.
555 1873 578 1937 l.
599 1893 649 1937 21.
666 1885 734 1936 Οὔτε
758 1883 822 1934 κατὰ
842 1881 889 1934 τὸν
902 1879 1060 1950 Ἀφρικανὸν
1081 1872 1153 1958 &c.]
1178 1873 1318 1958 Scaliger
1342 1872 1468 1956 quidem

362 1996 436 2061 pag.
454 1993 506 2039 aa.
520 1974 720 2039 Emebiaaer.
736 1996 807 2037 cum
823 1995 862 2036 ea
877 1995 948 2057 quae
963 1981 1147 2058 sequuntur,
1160 1982 1230 2038 tum
1245 1974 1308 2038 alia
1323 1975 1469 2058 quaedam

363 2077 405 2141 de
419 2076 515 2140 Grato
529 2077 632 2162 primo
647 2077 757 2141 insulae
772 2075 877 2140 Oretoe
891 2097 976 2160 rege,
994 2076 1147 2140 Africano
1161 2076 1321 2141 attribuit.
1366 2074 1469 2156 Ἀφρι-

364 2183 468 2243 κανοῦ.
488 2182 529 2262 τῷ
547 2176 606 2253 αἴ.
630 2179 689 2242 ἔτει
706 2182 759 2241 τοῦ
776 2179 886 2256 Ἰακὼβ
907 2178 1052 2258 ἐγεννήθη
1070 2179 1153 2242 Aeol.
1199 2181 1288 2244 Τινὲς
1308 2176 1361 2239 τὸν
1385 2177 1469 2239 αὐτό-

364 2285 463 2364 χθονα
475 2283 575 2360 Κρῆτα
589 2281 644 2344 διο.
682 2284 729 2343 At
741 2301 815 2342 vero
826 2287 893 2342 tam
909 2280 994 2363 apud
1007 2279 1197 2363 Syncellum‚
1210 2300 1322 2362 exque
1334 2277 1470 2361 sumpsit

364 2402 424 2446 sua
445 2381 599 2465 Scaliger,
616 2389 784 2445 servantur
805 2403 844 2443 ea
864 2381 903 2443 de
919 2380 1015 2446 Crete
1036 2381 1068 2444 in
1091 2404 1163 2466 pag.
1183 2400 1252 2463 105.
1269 2401 1364 2465 quam
1383 2379 1469 2463 apud

365 2482 541 2547 Eusebium
555 2482 588 2545 in
600 2483 749 2546 Chronico
758 2482 872 2545 Latino
882 2483 923 2544 ad
935 2483 1237 2558 anu.Abrahae1.vr‚
1250 2483 1305 2545 sed
1316 2481 1470 2545 Africano

364 2585 452 2649 baud
473 2583 645 2667 adscripta.
693 2583 858 2647 Pertinere
878 2584 989 2646 eadem
1011 2584 1052 2647 ad
1070 2584 1238 2647 Chronicon
1252 2581 1469 2659 Eusebia-rrum,

364 2685 426 2749 nisi
439 2685 483 2748 ad
497 2685 696 2759 Africanum,
711 2683 820 2748 firmat
836 2684 926 2747 nobis
942 2685 1157 2768 Interpretatio
1171 2684 1240 2766 ejus
1254 2684 1415 2746 Armenia.

408 2786 495 2851 Ibid.
510 2786 532 2850 l.
546 2806 597 2854 22.
610 2796 647 2869 τῷ
659 2793 713 2862 nc'.
728 2786 791 2870 ἔτει]
808 2787 900 2851 (lons.
910 2786 982 2850 loca
996 2786 1054 2850 SS.
1067 2784 1240 2870 Scripturae
1254 2786 1296 2848 ad
1309 2784 1404 2848 Num.
1418 2807 1469 2848 xv.

366 2888 511 2974 proxime
532 2895 609 2952 ante
631 2899 888 2952 commemorata.
934 2888 1025 2951 Infra
1039 2910 1113 2952 vero
1134 2909 1192 2971 pro
1208 2887 1311 2950 verbis
1331 2891 1371 2972 τῷ
1394 2888 1471 2972 αὐτῷ

364 2991 429 3067 κζ’.
441 2991 610 3077 legendum
625 3012 694 3054 esse
705 2994 745 3073 τῷ
759 2991 848 3053 αὐτοῦ
858 2988 918 3062 σις’.
930 2991 1105 3054 ostendunt
1120 2989 1248 3073 Georgii
1264 2989 1363 3073 ipsius
1374 2989 1472 3051 verba

366 3114 439 3178 pag.
466 3096 537 3157 116.
561 3094 629 3157 οὔτε
654 3096 695 3176 τῷ
720 3090 892 3175 Ἀφρικανῷ
917 3092 1095 3155 πιστευτέον
1116 3089 1179 3166 us'.
1203 3092 1262 3154 ἔτει
1287 3095 1339 3153 τοῦ
1361 3089 1472 3167 Ἰακὼβ

365 3194 490 3275 λέγουσι
510 3197 691 3275 γεννηθῆναι
712 3194 766 3256 τὸν
785 3193 867 3265 Λευὶ,
884 3194 952 3258 οὔτε
975 3194 1015 3277 τῷ
1036 3193 1176 3276 Εὐσεβίιρ
1197 3192 1330 3272 λέγουσι,
1346 3193 1386 3274 τῷ
1408 3189 1469 3260 πς’.

367 3294 438 3358 ἔτει.

868 3542 986 3606 XVII.

412 3697 451 3761 P.
469 3699 541 3763 268.
556 3697 577 3760 l.
595 3717 624 3760 a.
641 3696 681 3762 ‘H
697 3700 852 3778 ποιμενικὴ
867 3701 961 3779 σκηνὴ
983 3700 1056 3785 διο]
1080 3700 1221 3764 Exhibet
1242 3701 1354 3764 eadem
1375 3723 1474 3786 usque

366 3801 410 3864 ad
426 3820 535 3862 vocem
551 3804 681 3884 κεραυνῷ
696 3799 838 3884 Scaliger
852 3823 976 3883 quoque
991 3802 1024 3864 in
1035 3800 1219 3866 Eusebiceis
1232 3824 1305 3886 pag.
1323 3821 1373 3868 22.

414 3899 499 3963 Ibid.
523 3902 556 3962 ἐν
579 3899 723 3985 Ἐδέσσρ]
749 3899 840 3962 Urbe
866 3900 981 3964 celebri
1007 3902 1040 3964 in
1063 3903 1299 3987 Mesopotamia
1324 3904 1407 3976 sita;
1441 3912 1473 3968 et

368 4001 467 4066 beata
491 4022 617 4085 semper
641 4000 856 4084 praedicanda,
876 4003 960 4087 quod
990 4025 1081 4087 reges
1105 4005 1173 4090 ejus
1200 4004 1375 4069 Christiani
1397 4005 1473 4069 faeti

369 4101 426 4165 diu
452 4110 528 4165 ante
548 4101 757 4187 imperatores
780 4101 941 4167 Romanos
964 4105 1131 4168 Christum
1153 4105 1302 4170 colerent.
1359 4107 1472 4170 Emen-

368 4204 446 4267 date
460 4202 594 4282 Ἐδέσσῃ
612 4203 754 4287 Scaliger
772 4225 831 4288 pro
845 4203 966 4291 Ἐδέσῃ,
983 4206 1068 4290 quod
1089 4206 1187 4270 habet
1203 4206 1336 4289 Sprreclli
1355 4217 1451 4271 tectus
1460 4235 1472 4281 ,·

368 4305 453 4368 siout
468 4303 550 4368 infra
564 4303 692 4382 Ἐδέσης
706 4305 738 4368 iu
755 4305 849 4369 Num.
865 4328 905 4367 m.
921 4315 955 4370 et
969 4315 1057 4370 recte
1072 4307 1214 4392 Scaliger
1228 4330 1300 4372 cum
1317 4309 1415 4372 Moto
1429 4308 1474 4372 al-

367 4415 432 4471 tero
446 4405 597 4469 Parisino
613 4407 743 4490 κεραυνῷ
759 4428 818 4491 pro
833 4413 983 4487 κεραυνῶν
998 4416 1142 4492 praestat.

415 4506 499 4570 Ibid.
514 4506 535 4570 l.
550 4526 581 4590 3.
598 4505 790 4592 Ἀυτωυίυου]
806 4507 1007 4571 Antoninum
1026 4508 1166 4593 intellige
1186 4509 1237 4573 bic
1252 4508 1477 4594 Elagabalum,

367 4607 430 4671 sub
445 4628 512 4690 quo
523 4605 682 4670 Chronica
697 4630 755 4671 sua
769 4607 930 4671 scribebat
945 4608 1129 4672 Africanus.
1154 4609 1273 4673 Scine.
1319 4609 1478 4673 Dubitare

369 4730 445 4772 vero
475 4729 631 4792 quemque
659 4709 873 4792 permittimus
897 4709 937 4772 de
964 4709 1105 4793 reliquiis
1131 4711 1201 4774 istis
1224 4711 1320 4793 hujus
1346 4711 1478 4774 tentorii

369 4808 557 4894 arborisque
581 4831 655 4872 mox
683 4810 760 4873 dicti
788 4832 885 4894 supra
911 4811 992 4874 duos
1014 4811 1099 4874 mille
1124 4833 1234 4888 annos,
1259 4819 1296 4874 ut
1320 4812 1477 4888 ferebant,

369 4910 585 4986 conservatis;
608 4910 669 4974 etsi
691 4911 732 4973 de
754 4933 884 4994 quercu,
906 4933 976 4994 quae
998 4912 1070 4996 plus
1097 4912 1182 4976 mille
1211 4934 1312 4976 annos
1337 4911 1370 4974 in
1391 4912 1479 4995 sylva

369 5033 483 5099 regum
508 5018 701 5087 nostrorum,
727 5012 823 5075 Nova
846 5013 1010 5096 appellata
1039 5014 1185 5090 Foresta‚
1209 5021 1336 5077 servata
1361 5013 1478 5088 suerat,

371 5137 422 5179 me
435 5114 639 5178 adolescente
651 5114 794 5177 narratio
809 5112 987 5177 verisimilis
1002 5114 1228 5198 percrebuerit.

416 5239 484 5280 von.
501 5238 535 5278 11.
901 5233 920 5295 3
938 5237 959 5275 n
