3917 6467
597 2347 869 2447 JULIUS
909 2341 1364 2447 AFRICANUS.

851 2639 1121 2689 ...sp-..-

464 2865 502 2937 S.
523 2855 789 2948 Hrmonmus,
806 2861 884 2935 Lib.
901 2862 959 2936 Dc
985 2861 1082 2936 Viris
1098 2850 1310 2946 Iliaetniints,
1326 2885 1402 2954 cap.
1421 2849 1509 2932 lxiii.

899 3017 978 3089 pag.
1000 2997 1081 3065 144.

423 3135 630 3252 JULIUS
647 3179 847 3261 Africanus,
864 3178 984 3269 “cujus
1005 3178 1161 3269 quinque
1178 3176 1223 3247 de
1239 3177 1458 3270 temporibus
1475 3201 1537 3248 ex·

425 3313 516 3376 tant
543 3297 731 3387 volumina,
753 3301 821 3373 sub
842 3300 1063 3393 Imperatore
1086 3299 1141 3371 M.
1164 3299 1314 3370 Amulio
1338 3299 1537 3385 Antonine,

427 3421 517 3521 l’qui
537 3426 701 3498 Macrino
718 3434 942 3509 successerat,
960 3424 1174 3520 legationem
1196 3443 1259 3517 pro
1282 3425 1536 3496 instauratione

427 3552 552 3623 eurbis
570 3551 740 3622 Emmaus
752 3550 916 3642 suscepit,
928 3572 1006 3642 quse
1022 3558 1146 3642 postea
1160 3547 1345 3641 Nicopolis
1357 3549 1537 3642 appellata

474 3757 492 3791 ⁸
505 3746 616 3806 Nobile
633 3763 707 3825 opus
720 3745 796 3804 tulii
810 3744 944 3805 Africani
962 3763 996 3805 ac
1015 3745 1193 3826 praecipuum
1214 3746 1460 3825 chronographia,
1475 3746 1537 3804 sive

431 3863 469 3911 ut
485 3851 594 3911 Photio
608 3850 681 3910 cod.
697 3868 746 3924 34.
760 3854 901 3924 Ιπορικὸν,
916 3870 975 3928 quo
989 3870 1035 3910 res
1048 3851 1085 3910 ab
1097 3851 1167 3910 orbe
1182 3850 1300 3911 condito
1316 3850 1353 3909 ad
1367 3849 1406 3908 A.
1417 3850 1452 3907 C.
1469 3870 1536 3908 221.

433 3967 605 4037 persecutus
622 3955 683 4014 fuit
701 3954 783 4014 libris
802 3954 950 4033 quinque;
975 3956 1083 4013 Euseb.
1098 3955 1138 4013 vi.
1150 3974 1200 4030 3¹·
1241 3960 1294 4012 Τοῦ
1312 3956 1335 4012 δ’
1350 3957 1430 4012 αὐτοῦ
1443 3956 1536 4030 Ἀφρι-

432 4065 513 4118 ωοῦ
530 4064 572 4118 καὶ
590 4062 663 4118 ἄλλα
682 4064 730 4117 τὸν
748 4062 858 4135 ἀριθμὸν
878 4064 955 4117 πέντε
975 4065 1175 4136 χρονογραφιῶν
1194 4062 1234 4120 ἐπ’
1252 4064 1356 4136 ἀκριβὲς
1375 4067 1538 4135 πεπονημίνα

433 4166 514 4237 ἢλθεν
526 4169 565 4224 cir
577 4166 644 4238 ἡμᾶς
656 4168 857 4238 σπουδάσματα.
881 4166 1069 4226 Famem&

475 4268 493 4314 ¹²
506 4273 668 4351 Imperator
682 4270 730 4329 hic
744 4270 914 4349 Helagabali
929 4272 1047 4330 nomine
1058 4272 1163 4340 notior,
1172 4272 1222 4351 qui
1233 4273 1356 4351 imperio
1370 4274 1488 4354 prefuit
1502 4276 1538 4335 ab

436 4375 474 4435 Α.
497 4375 566 4434 218.
588 4375 624 4434 ad
654 4393 722 4433 aaa.
753 4374 941 4434 Faaarcrus.
996 4375 1141 4453 Georgius
1168 4374 1405 4455 Abulpharagius
1432 4376 1537 4437 Circa.

437 4481 568 4561 Syriaco,
590 4480 669 4558 quod
690 4500 767 4539 anno
790 4479 875 4559 1789.
895 4480 1051 4539 ediderunt
1071 4491 1102 4539 et
1122 4480 1229 4539 Latine
1250 4491 1400 4539 verterunt
1424 4480 1460 4540 cl.
1482 4482 1538 4541 viri

437 4585 581 4646 Brunsius
595 4597 626 4646 et
640 4586 759 4646 Kirsch.
793 4586 956 4646 Antoninus
972 4585 1072 4645 Casan
1083 4585 1295 4664 Heliogabalus
1307 4606 1396 4645 aanor
1407 4585 1436 4646 4.
1463 4590 1539 4667 Ejus

436 4696 559 4768 tempore
572 4688 723 4768 Nicopolis
738 4689 911 4755 Puloeatinoe,
926 4709 987 4768 quae
1001 4698 1039 4747 est
1056 4691 1201 4759 Emmaus,
1215 4690 1327 4749 condita
1342 4700 1392 4750 ert.
1435 4692 1476 4749 Ei
1489 4713 1537 4751 ex.
1592 4663 1597 4674 Ι

438 4795 563 4853 ituenda
574 4794 702 4874 praefecit
716 4795 827 4855 Julian
842 4795 1014 4874 Africanam
1033 4796 1198 4875 scriptorem
1215 4796 1428 4857 Chronicorum.
1444 4818 1472 4877 p.
1488 4815 1536 4874 57.

477 4899 725 4971 ‘Emmauutem
742 4901 836 4960 vicum
858 4901 942 4979 cujus
962 4902 1096 4961 meminit
1115 4902 1211 4960 Lucas
1231 4902 1310 4959 xxiv.
1329 4920 1373 4977 13.
1389 4903 1539 4979 sexaginta

438 5003 538 5063 stadiis
559 5014 674 5063 tantum
695 5004 909 5085 Hierosolymis
927 5006 1066 5076 abfuisse,
1082 5006 1288 5065 Emmauntem
1308 5026 1373 5065 vero
1391 5005 1537 5066 civitatem

438 5127 501 5184 qua
522 5120 553 5167 et
574 5108 739 5188 Nicopolis,
758 5110 861 5169 stadiis
881 5121 998 5170 centum
1021 5121 1051 5170 et
1072 5111 1257 5191 septuaginta
1278 5130 1338 5181 sex,
1358 5109 1488 5187 adeoque
1502 5109 1540 5168 ab
