3917 6467
431 1090 498 1153 848
793 1086 1145 1153 ANNOTATIONES

433 1256 510 1322 faeti
525 1264 609 1321 sunt.
655 1256 802 1341 Denique
817 1255 947 1319 dubium
962 1278 1027 1319 non
1043 1264 1102 1331 est,
1119 1254 1195 1341 quin
1217 1254 1313 1340 plane
1332 1252 1506 1339 rejiciendum

433 1358 475 1424 sit
490 1361 571 1441 ἄχρι,
587 1367 700 1443 utpote
718 1358 837 1421 librarii
853 1380 960 1422 errore
974 1381 1015 1422 ex
1031 1361 1101 1441 ἀρχι
1115 1366 1234 1422 ortum.
1256 1356 1389 1420 Srmrn.
1432 1354 1509 1419 Haud

433 1460 514 1524 adeo
534 1460 639 1525 valent
663 1460 732 1524 haee
754 1467 952 1545 argumente,
968 1467 1006 1525 ut
1029 1459 1106 1523 mihi
1129 1459 1259 1544 quidem
1278 1457 1375 1523 lentio
1395 1479 1511 1543 pruses

434 1560 717 1647 displiceatnerba
732 1561 816 1625 enim
830 1568 890 1625 τῶν
904 1563 975 1645 ἀχρὶ
990 1564 1198 1643 προοηλύτων,
1207 1561 1330 1646 optime
1344 1560 1513 1625 eonveniunt

433 1686 505 1729 eum
526 1686 599 1727 mox
621 1665 825 1749 sequentibus
845 1665 898 1729 tin.
919 1685 966 1727 11.
983 1668 1023 1750 af»
1037 1666 1109 1743 μηδὲ
1125 1665 1223 1727 ἀλλον
1238 1663 1324 1746 ἔχειν
1340 1664 1375 1727 ἐκ
1394 1663 1514 1743 δημοσίαν

434 1770 610 1847 συγγραφῆς
624 1767 657 1829 τὸ
673 1767 762 1849 γένος
777 1767 901 1848 ἀνάγειν
918 1767 967 1830 ἐπὶ
981 1767 1050 1833 τοὺς
1069 1763 1264 1847 πατριάρχας,
1280 1762 1300 1843 ἢ
1318 1766 1514 1845 πρασηλύτοος,

432 1869 546 1933 rosiers
561 1869 762 1947 καλουμένους
777 1870 905 1949 Γειύρας
920 1868 988 1934 τοὺς
1003 1868 1179 1946 ἔπιμίκτους.
1225 1865 1333 1929 Immo
1347 1886 1424 1930 vero
1440 1863 1517 1929 senti

432 1977 549 2053 potest,
566 1970 592 2033 si
607 1971 718 2047 mavis,
733 1971 789 2037 ἕως
802 1991 861 2055 pro
876 1971 915 2036 ὡς
928 1978 1005 2034 ante
1018 1969 1130 2052 Ἀχιὸρ
1147 1991 1188 2032 ex
1208 1968 1322 2032 eodem
1336 1969 1416 2034 MS.
1432 1966 1516 2034 Sosii

368 2127 371 2133 .
432 2077 530 2154 atque
550 2070 729 2153 Νἱοορλονο.
777 2072 839 2135 Sed
854 2072 985 2154 Rufinus
1004 2072 1043 2138 ὣς
1061 2069 1217 2134 invenisse
1231 2068 1372 2146 videtur,
1386 2089 1444 2132 nee
1461 2088 1516 2132 nu·

432 2172 565 2236 tandum
587 2173 663 2256 quid
683 2195 807 2249 oenseo,
824 2173 851 2237 si
871 2174 931 2238 hoe
951 2173 1048 2237 modo
1068 2173 1165 2237 verbe
1184 2171 1429 2257 interpreteris:
1454 2173 1519 2238 C-

342 2330 347 2341 .
433 2274 590 2359 descripte
604 2285 696 2339 essent
705 2274 1056 2360 Hotruermnfemilier,
1068 2274 1249 2361 essemiliae
1259 2297 1333 2360 qsae
1340 2295 1436 2360 pem
1447 2294 1519 2338 νυνι

432 2375 599 2459 referebant
620 2377 665 2441 nd
678 2377 856 2462 pmoelytas,
871 2388 905 2442 et
919 2378 1036 2442 Aetior
1049 2379 1265 2450 Ammeaitem.
1281 2387 1310 2441 st
1323 2377 1410 2441 Res
1431 2373 1519 2441 Moet-

431 2478 1520 2566 itiden‚etadoosquieeAEpyptoeimuleyrmissstImliuipr·

431 2581 529 2656 misti,
545 2582 602 2645 &e
647 2582 796 2647 Ceterum
820 2582 896 2646 illud
920 2583 954 2646 in
979 2581 1202 2668 superioribus,
1223 2585 1266 2650 εἰς
1289 2583 1325 2646 τὸ
1348 2585 1429 2659 τότε,
1448 2580 1521 2666 qnod

432 2683 543 2747 eodiees
553 2685 649 2747 aemi
661 2706 786 2770 quoque
797 2685 928 2761 habent,
940 2685 1102 2750 Strothius
1114 2685 1147 2748 in
1158 2693 1285 2750 textum
1297 2685 1430 2770 reeepit.
1452 2682 1521 2747 lue

431 2785 507 2848 oiim
521 2787 632 2871 seripsi
647 2786 782 2852 tentione
795 2789 865 2871 ἄχρι
882 2791 1080 2869 προσηλύτων
1097 2795 1234 2863 servate,
1250 2786 1313 2851 nisi
1333 2786 1420 2871 qued
1439 2787 1523 2850 αύτὸσ

432 2909 504 2951 eum
526 2888 646 2951 πάντων
668 2898 830 2973 prseeunte
856 2889 963 2953 Rufini
988 2889 1088 2954 veteri
1116 2889 1386 2974 interpretatione
1410 2895 1523 2953 mutere

433 2987 552 3052 vellem.
598 2988 678 3054 Cum
692 3012 767 3053 vero
788 2990 820 3053 in
840 2990 904 3054 alia
922 2991 1031 3054 emnia
1045 2991 1114 3076 jem
1133 2990 1226 3055 iverit
1241 2991 1418 3065 Burtanus,
1433 3009 1524 3075 neque

432 3112 503 3155 enm
522 3091 657 3168 Valesio,
672 3114 730 3156 nee
749 3114 822 3156 eum
838 3093 995 3171 Strothio,
1009 3102 1067 3158 aut
1085 3115 1209 3157 meeum
1231 3094 1463 3172 eonvenientis,
1476 3092 1523 3158 sd·

433 3191 629 3256 notationem
644 3192 724 3276 ejus,
737 3193 770 3256 in
783 3215 847 3277 qun
861 3193 923 3257 site
939 3202 989 3258 est
1000 3194 1166 3279 seripturae
1176 3194 1328 3272 varietas,
1340 3194 1452 3260 lectori
1463 3213 1524 3279 prn-

431 3316 558 3379 ponam.
605 3302 625 3331 ·‘
640 3293 933 3377 Ἀρχιπροσηλύτων.
982 3295 1036 3359 Ita
1052 3296 1124 3359 dedi
1144 3304 1218 3380 post
1238 3296 1434 3370 Strothium‚
1451 3295 1524 3359 Zim-

431 3404 452 3433 ¹⁴
469 3418 688 3459 mormannum
715 3405 748 3460 et
775 3396 963 3461 Heiniehen.
990 3398 1036 3461 uti
1059 3398 1168 3482 legunt
1193 3397 1314 3462 diserte
1336 3400 1423 3463 Mod.
1447 3402 1523 3462 ,λἀι.

433 3509 451 3536 “
460 3500 569 3563 Fusa.
581 3500 678 3563 Seeil.
691 3500 805 3583 quibus
814 3500 896 3563 addo
905 3500 968 3563 ced.
979 3502 1075 3584 Nmf·
1085 3500 1137 3584 qui
1150 3499 1227 3584 legit
1239 3502 1327 3583 ἄρχει
1339 3503 1524 3582 προσηλύτων

431 3610 452 3640 “
465 3603 538 3683 (sie)
551 3603 604 3665 ubi
617 3604 792 3666 notandum
806 3613 855 3666 est
866 3603 1001 3667 alteram
1013 3602 1127 3666 lineam
1139 3626 1211 3666 eum
1222 3605 1347 3687 ν.ύρχει
1358 3605 1522 3681 terminari.

431 3713 453 3742 “
466 3704 601 3767 alteram
627 3725 698 3766 eum
722 3707 918 3783 προσηλύτων
941 3705 1088 3789 incipere.
1111 3708 1181 3787 ἄχρι
1205 3709 1417 3785 προσηλύτων.
1435 3705 1523 3792 Sept

433 3816 450 3844 ·‘
470 3806 536 3869 Vae.
558 3806 642 3868 cedd.
665 3808 738 3891 Bep.
760 3808 871 3868 Paris.
890 3807 989 3869 Venet.
1020 3807 1188 3870 Floreetia.
1213 3807 1345 3891 Νἱαφύ.
1391 3807 1524 3892 Cenjeeit

433 3909 616 3972 “Valesius
635 3915 694 3970 τῶν
714 3911 783 3989 ἄχρι
803 3914 861 3970 τῶν
881 3910 1038 3990 ἀρχιπροσ.
1062 3910 1117 3972 sed
1141 3912 1211 3992 ύχρι
1230 3909 1370 3974 librariis
1390 3911 1523 3974 debetur.

432 4023 453 4050 “
470 4014 534 4078 ἕως.
582 4013 636 4074 lta
651 4012 724 4073 San.
741 4010 839 4073 Venet.
855 4010 943 4074 Flor.
960 4012 1089 4096 Μονρύ.
1106 4014 1145 4077 ὣς
1159 4012 1230 4074 edd.
1243 4013 1318 4096 809.
1331 4013 1419 4075 Maz.
1432 4011 1523 4074 Perit

433 4123 452 4152 ‘⁴
468 4115 562 4195 lt'osf.
579 4123 611 4176 et
626 4113 733 4175 forsan
749 4113 834 4176 sled.
850 4113 958 4176 Fusae.
1004 4113 1151 4197 Legimus
1165 4135 1262 4197 supra
1277 4115 1440 4194 ἀναφορὰν
1454 4138 1524 4190 nota

432 4224 451 4252 ‘⁴
470 4215 599 4293 σύμευος
624 4217 677 4280 ἕως
702 4220 754 4276 τοῦ
783 4219 868 4292 Αδᾶμ
892 4216 938 4278 uti
963 4216 1090 4300 scripsit
1112 4217 1143 4278 in
1168 4216 1199 4279 h.
1222 4215 1243 4277 l.
1266 4215 1441 4279 Africanus
1463 4217 1524 4278 ἆνα·

434 4327 453 4355 '‘
469 4317 643 4397 φερομένων
658 4318 713 4382 ἕως
727 4317 850 4398 Ἀχιύρ,
865 4325 991 4380 mutat-0
1007 4319 1273 4399 ὀρχιπροσηλύτων
1286 4316 1321 4378 in
1336 4318 1409 4399 ἄχρι
1424 4341 1523 4396 προση-

433 4428 454 4456 “
467 4420 574 4490 λύτων,
591 4417 828 4481 substituebant
844 4419 961 4482 librarii
979 4422 1018 4485 ὥς
1033 4441 1091 4503 pro
1107 4419 1191 4484 ἕως.”

476 4521 514 4583 P.
533 4523 603 4603 236.
620 4521 640 4583 l.
658 4522 686 4583 8.
703 4518 883 4607 ὀἩρύδης]
903 4522 1082 4584 Articulum
1097 4544 1135 4584 ex
1151 4521 1224 4584 MS.
1236 4519 1330 4583 Bodl.
1349 4520 1524 4605 Νίσσρύασυ

432 4647 493 4708 que
508 4623 622 4706 recepi.
665 4622 693 4684 N
697 4645 756 4685 une
771 4623 900 4686 admisit
915 4625 1051 4686 eundem
1067 4625 1241 4698 Burtonus,
1254 4644 1349 4706 quem
1364 4620 1524 4686 invenitin

431 4726 516 4791 edd.
536 4724 671 4789 erunibus
698 4733 815 4810 praeter
839 4726 909 4810 Ray.
932 4734 966 4790 et
988 4726 1203 4789 Ρανύςίσπνονν.
1250 4724 1330 4787 Mox
1354 4723 1421 4804 μηδ’
1437 4727 1525 4789 ἄλλον

431 4852 489 4915 per
503 4829 717 4914 synalaepham
733 4828 861 4912 Nicepk.

477 4933 557 4996 ibid.
570 4931 591 4995 l.
609 4952 656 4994 10.
670 4931 834 5011 ἐνέπρησεν
850 4931 946 4993 αὐτῶν
960 4934 1013 4997 τὰς
1028 4930 1217 5013 ἀναγραφὰς]
1236 4928 1331 4993 Hune
1347 4930 1447 4993 etium
1460 4949 1524 4992 ner·

433 5035 587 5098 rationem
603 5054 716 5118 pamm
731 5040 851 5096 certam
867 5031 1024 5095 existimo.
1070 5031 1157 5095 Nam
1172 5030 1195 5093 J
1197 5031 1334 5116 osephus
1349 5031 1382 5094 in
1396 5031 1477 5095 libro
1490 5029 1524 5092 de

432 5136 499 5201 vita
513 5158 571 5200 sua
586 5134 737 5220 originem
758 5144 792 5197 et
812 5134 1038 5217 antiquitatem
1058 5136 1166 5220 stirpis
1185 5157 1251 5198 suae
1271 5153 1523 5206 commemorem,
