3917 6467
427 1086 493 1149 884
800 1084 1153 1151 ANNOTA'I'IONES

427 1260 549 1342 πηχέων
559 1259 730 1340 βασιληίων
741 1261 869 1324 ἀπέλιπε
886 1262 1037 1342 τέσσαρας
1048 1262 1220 1328 δακτύλους.
1258 1260 1312 1325 De
1326 1261 1386 1325 alio
1397 1260 1495 1324 bomine

428 1360 526 1423 etiam
547 1360 719 1443 proceriori
742 1361 802 1425 hoc
822 1362 921 1426 habet
941 1361 1174 1445 Philostorgius
1194 1360 1228 1424 iu
1241 1361 1326 1425 Hirr.
1341 1361 1419 1426 Eccl.
1436 1362 1497 1425 bn

426 1482 455 1524 o.
470 1460 502 1524 ii.
518 1464 535 1524 d
549 1464 607 1540 μὲν
621 1464 715 1542 Σύρος
737 1462 928 1545 πενταπήχντ
940 1462 979 1541 ἥν
993 1462 1027 1524 τὸ
1045 1461 1183 1543 μέγεθος,
1200 1462 1250 1525 καὶ
1268 1464 1416 1541 πιθαμὴν
1433 1464 1498 1543 ltus

428 1562 611 1642 προσθήκην.
637 1563 996 1627 GoliathPalaestiuoin
1006 1561 1176 1626 Hebraicis
1189 1562 1420 1647 exernplalibus
1431 1563 1500 1648 primi

424 1662 496 1725 libri
512 1664 664 1728 Samuel&
686 1687 755 1748 cap.
774 1664 848 1727 xvii.
870 1685 982 1728 comm.
1005 1684 1038 1741 4.
1057 1663 1250 1728 attribuitur
1272 1686 1330 1728 sex
1352 1665 1501 1729 cubitorum

428 1772 462 1828 et
477 1765 569 1829 unius
584 1766 751 1850 spithamae
765 1766 914 1830 altitudo.

470 1868 507 1929 P.
526 1869 599 1948 248.
616 1867 637 1930 l.
654 1888 702 1951 13.
718 1869 860 1947 Χενερῆτ,
877 1867 927 1946 ἔτη
948 1863 1005 1950 λ’.]
1028 1865 1178 1932 (letarum
1199 1873 1274 1950 post
1288 1886 1396 1931 vocam
1415 1868 1503 1934 πλάτος

424 1966 533 2030 addidi
546 1989 585 2030 cx
599 1966 702 2031 altera
717 1967 875 2051 Dynastia
888 1973 1074 2030 παλαιστῶν.
1115 1966 1233 2030 (lenset
1247 1966 1375 2030 (τοίνυν
1388 1966 1502 2050 pune

425 2066 590 2131 Boeotiam
604 2068 721 2132 adhoc
741 2089 855 2131 nomen
875 2069 925 2148 ἔτη
947 2067 1001 2131 κδ’.
1016 2074 1053 2132 at
1071 2068 1193 2131 numeri
1215 2069 1339 2153 priores
1362 2075 1502 2154 poscerent

426 2168 471 2231 ibi
487 2170 537 2246 ἔτη
553 2167 604 2246 κε’,
620 2169 646 2232 si
661 2192 733 2233 cum
748 2191 871 2233 summu
884 2191 1041 2233 annorum
1055 2169 1088 2232 in
1102 2169 1214 2233 eadem
1229 2190 1303 2255 pag.
1318 2185 1371 2254 57.
1388 2168 1501 2233 Eusebio

425 2269 586 2333 attributa
600 2270 766 2334 convenire
780 2272 944 2335 deberent.
983 2270 1073 2334 Duos
1082 2278 1191 2335 autem
1206 2270 1339 2335 ultimos
1353 2292 1440 2356 reges
1451 2291 1502 2333 cm

426 2369 532 2433 verbis
548 2371 753 2454 sequentibus
763 2372 806 2434 ad
818 2370 963 2435 Africani
974 2371 1166 2455 Dynastiam
1178 2371 1349 2455 pertinere,
1360 2393 1422 2435 non
1431 2371 1503 2435 modo

427 2478 608 2535 constater
624 2493 755 2536 numero
769 2494 935 2549 annorum,
951 2495 1030 2556 quos
1049 2472 1212 2558 collegisse
1229 2474 1336 2538 fertur
1350 2473 1501 2545 Africanus

426 2572 484 2636 sed
503 2580 538 2636 et
557 2594 597 2636 cx
616 2573 796 2638 differentia
816 2573 900 2638 inter
913 2573 1059 2637 Africani
1080 2573 1166 2636 illam
1189 2579 1224 2638 et
1246 2573 1383 2639 alteram
1398 2573 1501 2638 Eusebi

427 2672 697 2757 computationem
712 2696 868 2738 annorum
882 2674 1039 2759 dynastiae
1054 2673 1164 2758 primae
1175 2680 1210 2737 et
1229 2676 1389 2753 secunda»,
1404 2675 1501 2760 quein

425 2795 498 2857 pag.
513 2792 566 2858 51.
581 2796 602 2838 a
618 2774 762 2860 Syncello
778 2783 1053 2840 commemoratur.

470 2874 554 2939 lbid.
570 2875 590 2939 l.
611 2894 659 2940 12.
682 2877 732 2955 tm
758 2875 830 2961 τβ’.]
856 2878 897 2940 Ια
922 2878 1025 2942 altera
1048 2875 1206 2961 Dynastia
1226 2884 1429 2942 reoensentur
1448 2874 1502 2941 auci

426 2981 554 3038 tantum
570 2975 655 3055 τρί’.
674 2992 746 3059 297,
763 2998 827 3040 uon
841 2985 950 3042 autem
964 2976 1025 3057 τβ’.
1040 2995 1115 3061 302.

472 3076 554 3140 lbid.
569 3076 592 3140 l.
610 3078 659 3139 16.
674 3076 766 3161 φνε’.]
782 3078 1011 3164 Repouendum
1025 3086 1075 3143 est
1089 3077 1167 3160 dfs',
1181 3088 1334 3144 monente
1349 3079 1501 3163 Scaligcrcz

427 3177 571 3241 conferas
596 3177 680 3241 enim
704 3178 870 3263 Dynastiae
897 3180 1007 3264 primae
1032 3179 1214 3244 clausulam.
1267 3179 1417 3245 (letarum
1438 3176 1503 3264 apud

426 3278 602 3361 Syriacum
630 3279 773 3362 proxime
797 3287 870 3363 post
893 3280 1033 3357 additur,
1059 3283 1133 3343 κατὰ
1157 3281 1212 3358 τὴν
1238 3281 1381 3362 δευτέραν
1408 3282 1504 3345 ἔκλασα

425 3379 619 3461 Ἀφρικανοῦ.
666 3380 739 3443 Ηοα
765 3389 872 3444 autem
899 3381 1002 3455 nixus,
1026 3381 1148 3465 opinor,
1170 3380 1240 3444 loco
1267 3381 1409 3467 Scaliger
1431 3380 1504 3444 verbs

426 3483 494 3546 haec
514 3482 656 3545 lemmcti
678 3504 699 3544 a
722 3504 755 3545 sc
771 3482 935 3566 Dynastiis
951 3482 1096 3545 Africani
1122 3481 1253 3566 praeiixo
1278 3483 1405 3566 adjecit.
1448 3479 1503 3543 l'id.

425 3582 579 3663 Ἱστορίαν
595 3590 749 3664 Συναγωγ.
774 3606 806 3667 p.
822 3601 896 3668 351.
908 3591 941 3646 et
954 3585 1070 3647 Canon.
1085 3584 1201 3667 Ιταρορ.
1212 3583 1267 3646 lib.
1283 3583 1314 3646 ii.
1328 3606 1355 3647 c.
1370 3602 1397 3646 2.
1409 3606 1439 3668 p.
1454 3582 1504 3645 nt

426 3685 488 3749 Ait
502 3685 585 3747 enim
601 3685 634 3748 in
649 3686 816 3748 Acimcdo.
833 3685 867 3746 ic
885 3683 993 3746 Oleros.
1009 3682 1135 3747 Eusebii
1149 3705 1179 3767 p.
1197 3703 1229 3763 4.
1275 3684 1461 3748 Africanum
1474 3680 1505 3745 bis

426 3808 484 3850 sua
498 3786 645 3863 edidisse,
659 3786 742 3848 unde
756 3784 963 3869 posteriorem
978 3784 1149 3847 editionem
1166 3784 1312 3848 Chronici
1326 3786 1448 3850 vocarit
1460 3790 1505 3847 tc·

427 3887 516 3966 τέραν
532 3888 659 3949 ἔκδοσιν.
705 3887 767 3950 Sed
781 3888 888 3950 Goaro
903 3886 1029 3949 videtur
1043 3908 1104 3948 vox
1120 3885 1261 3965 δευτέραν
1275 3887 1435 3970 superflua
1448 3905 1506 3949 esec.

426 3987 472 4050 Et
487 4009 597 4050 vcreor
611 3986 768 4069 equidem,
782 3993 819 4049 ut
834 3986 912 4049 satis
927 3987 1018 4048 firmo
1033 3986 1162 4049 tibicine
1176 3985 1329 4049 fulciatur
1348 3989 1412 4051 ista
1426 3988 1505 4053 Obro-

426 4087 567 4150 nicorum
599 4087 744 4150 Africani
773 4086 883 4164 editio,
913 4088 938 4149 si
969 4087 1090 4150 nullum
1120 4096 1279 4171 praeterea
1303 4089 1509 4152 adminiculum

425 4188 563 4263 habeat;
585 4209 657 4251 cum
679 4188 733 4251 illo
756 4188 926 4273 significari
946 4188 1005 4251 hoc
1029 4189 1138 4272 possit,
1159 4188 1381 4272 dynastiarum
1403 4198 1509 4254 tantun

425 4289 639 4352 recensionem
652 4290 811 4372 quandam
822 4289 864 4351 ab
874 4288 1029 4351 Africano
1041 4289 1156 4351 iterum
1167 4288 1262 4351 fuisse
1274 4289 1403 4354 factam.
1429 4285 1509 4374 Apul

426 4389 597 4471 Spccellcm
618 4411 692 4473 pag.
708 4405 760 4473 57.
776 4397 850 4473 post
864 4389 990 4453 Emedic‘
1009 4389 1195 4471 Dpaastiam
1216 4389 1365 4453 additum
1386 4407 1436 4455 est
1455 4384 1510 4454 κατὰ

425 4490 478 4568 τὴν
494 4491 613 4553 ἔκδοσιν
628 4492 788 4568 Εὐσεβίου.
827 4490 1005 4575 Postquam
1020 4490 1087 4553 haec
1099 4490 1218 4573 scripsi,
1228 4491 1330 4554 virum
1343 4492 1381 4555 cl.
1394 4493 1508 4556 Hieron.

426 4589 476 4652 De
492 4591 594 4653 Prato
614 4591 677 4654 vidi
699 4591 732 4653 in
749 4591 877 4654 Dissert.
893 4614 951 4654 sua
966 4592 1016 4655 Do
1034 4591 1187 4654 Otrccicis
1202 4589 1309 4654 Libris
1324 4593 1448 4656 Duobus
1461 4593 1510 4655 Es

424 4689 497 4752 sedit
515 4691 711 4754 Ooeeariccsis
732 4693 786 4754 &c
803 4713 886 4754 anno
905 4708 998 4775 1750.
1017 4691 1154 4754 Verouae
1176 4691 1264 4754 edita
1285 4691 1326 4755 de
1348 4693 1410 4757 bac
1431 4715 1463 4756 rs
1482 4688 1510 4753 si·

425 4790 543 4854 militer
571 4791 781 4855 dubitantem.
807 4798 827 4828 “
844 4791 995 4867 Utrum‚''
1023 4791 1135 4875 inquit,
1164 4800 1184 4829 “
1200 4814 1240 4854 ex
1266 4792 1326 4856 hoc
1352 4816 1416 4857 uuo
1444 4794 1508 4862 loco,

427 4898 448 4927 “
464 4890 588 4953 nemine
613 4891 647 4953 id
669 4892 872 4975 antiquorum
896 4899 1085 4963 attestante,
1100 4892 1148 4954 bis
1164 4892 1350 4954 Africanum
1371 4892 1509 4958 Chronica

426 4998 448 5025 ‘⁴
464 5013 521 5055 sua
535 4992 680 5070 edidisse,
696 4993 775 5057 satis
790 5001 924 5069 constet,
940 4992 1074 5056 aliorum
1090 4993 1132 5056 sit
1143 4992 1327 5075 judicium.’'
1351 5016 1380 5078 p.
1396 5013 1469 5077 320.
