3917 6467
519 1085 745 1151 AFRICANI
766 1085 992 1152 EPISTOLA
1015 1087 1079 1151 AD
1102 1085 1369 1152 ARISTIDEM.
1434 1088 1499 1156 229

395 1244 510 1343 μησίς
527 1280 577 1343 τε,
594 1249 654 1326 καὶ
670 1246 829 1353 ἐπιμιξία
846 1253 919 1326 τῶν
936 1281 975 1326 τε
1000 1252 1190 1349 ίερατικῶν,
1209 1250 1257 1329 ῶς
1282 1246 1414 1326 οἴονται
1440 1249 1498 1326 καὶ

395 1386 471 1459 τῶν
494 1387 709 1475 βασιλικῶν·
743 1382 801 1460 ἵνα
830 1385 953 1486 δειχθῇ
983 1382 1125 1462 δικαίως
1153 1382 1173 1459 ὁ
1201 1379 1363 1482 Χριστὸς
1390 1379 1499 1482 ίερειίς

395 1547 436 1595 τε
460 1518 521 1593 καὶ
542 1513 718 1610 βασιλεὺς
745 1513 946 1617 γενόμενος·
976 1513 1101 1618 ῶσπερ
1130 1513 1225 1600 τινὸς
1254 1517 1496 1599 ἀπειθοῦντος·

397 1646 422 1747 ἢ
447 1648 571 1751 ἑτέραν
593 1647 789 1753 ἐσχηκότος
808 1652 950 1730 ἐλπίδα·
982 1648 1037 1729 ὅτι
1063 1649 1153 1748 (anna
1167 1646 1364 1747 legendnmiy
1394 1647 1497 1753 iisd)

366 1785 421 1879 56
450 1783 613 1887 Χριστὸς
639 1784 820 1888 ἀρχιερεύς
847 1788 926 1864 ε’στι
953 1790 1013 1864 καὶ
1039 1779 1215 1880 βασιλεὺς
1244 1781 1494 1885 ὑπερκόσμιος.

370 1922 458 2001 ,καὶ
486 1926 593 1999 τοῦτο
624 1920 710 2018 ἡμῖν
739 1919 1007 2023 προσήγγειλεν
1039 1920 1113 2022 οὐχ’
1141 1919 1160 1996 ὃ
1194 1914 1398 2019 κατάλογος
1426 1923 1499 1998 τῶν

398 2059 538 2159 φυλῶν,
557 2055 631 2157 οὐχ’
652 2053 788 2159 ἡρίξις
805 2060 878 2134 τῶν
896 2051 1136 2156 ἀναγράπτων
1157 2058 1281 2153 γενῶν,
1299 2050 1399 2130 ἀλλὰ
1423 2085 1494 2131 πα-

398 2185 565 2291 τριάρχαι
582 2188 641 2265 καὶ
657 2191 852 2292 προφῆται.
884 2186 935 2286 μὴ
958 2187 1020 2266 οὖν
1044 2186 1218 2281 κατῶνμεν
1244 2190 1292 2266 είς
1315 2184 1499 2284 τοσαύτην

398 2320 604 2413 θεοσεβείας
635 2318 906 2421 σμικρολογίαν·
944 2318 1003 2397 ίνα
1034 2322 1078 2420 τῇ
1105 2318 1291 2420 ἐναλλαγῇ
1315 2322 1387 2395 τῶν
1414 2318 1495 2395 ὀνο-

350 2495 391 2534 10
398 2452 524 2550 μα’των
553 2450 619 2551 τὴν
648 2458 814 2556 Χριστοῦ
840 2452 1033 2547 βασιλείαν
1061 2454 1120 2531 καὶ
1144 2450 1339 2553 ἱερωσύνην
1363 2484 1495 2530 συνισ-
1573 2488 1580 2499 ·

398 2592 527 2685 πῶμεν.
557 2590 633 2667 ἐπεὶ
660 2585 842 2692 τῇἸοιίδα
866 2592 967 2693 φυλῇ
993 2592 1039 2691 τῇ
1063 2591 1240 2689 βασιλικῇ
1266 2586 1289 2683 ἡ
1319 2593 1382 2664 τοῦ
1413 2588 1500 2665 Λευὶ

399 2718 502 2827 φυλὴ
525 2718 679 2824 ἱερατικὴ
703 2719 892 2824 συνεζύγη·
926 2719 1003 2800 ’τοῦ
1030 2717 1222 2801 Ναασσῶν
1247 2717 1410 2823 ἀδελφὴν
1433 2718 1500 2819 τὴν

398 2853 600 2951 Ἐλισάβετ
621 2853 766 2958 Ἀαρὼν
794 2852 983 2962 ἀξαμένου·
1017 2857 1075 2934 καὶ
1098 2852 1210 2933 πάλιν
1232 2852 1406 2955 Ἐλεάζαρ
1433 2852 1500 2954 τὴν

399 2986 579 3089 θυγατέρα
597 2987 753 3087 Φατιήλ·
774 2990 832 3066 καὶ
849 2988 986 3066 ἐνθένδε
998 2986 1367 3085 παιδοποιησαμένων.
1388 2986 1496 3092 ἐψεύ-

353 3162 366 3200 ι
372 3153 516 3218 5σαντο
543 3121 606 3199 οὖν
630 3126 663 3200 oi
687 3121 943 3222 εὐαγγελισταὶ
966 3119 1202 3203 συνιστοίντες
1231 3122 1294 3199 οὐκ
1318 3119 1501 3220 ἀλήθειαν,

399 3256 484 3333 ἀλλ’
516 3252 736 3355 εἰκαζόμενον
764 3253 934 3351 ἔπαινον;
968 3257 1028 3334 καὶ
1056 3252 1115 3333 διὰ
1139 3262 1253 3351 τοῦτο,
1279 3255 1322 3332 ⁸5
1350 3254 1416 3355 μὲν
1443 3254 1501 3340 διὰ

400 3394 617 3487 Σολομῶνος
646 3387 718 3467 ἀπὸ
746 3390 868 3483 Δοβὶδ
897 3386 1178 3489 ἐγενεαλόγησεν
1204 3389 1262 3467 ε’ττὶ
1279 3386 1411 3482 Ἰακὼβ
1437 3387 1502 3471 τὸν

400 3532 464 3604 τοῦ
481 3520 624 3628 'lucini
647 3521 794 3625 πατεῇα·
829 3519 874 3605 ¹¹6
899 3520 948 3618 δὲ,
966 3521 1038 3602 ἀπὸ
1062 3520 1191 3601 Νάθαν
1215 3529 1279 3600 τοῦ
1298 3526 1421 3618 Δαβὶδ
1443 3525 1500 3604 ε’πὶ

400 3759 460 3805 tam
475 3746 706 3814 sacerdotalium,
718 3758 752 3806 ut
768 3750 926 3827 opinantur
976 3720 1087 3808 tatione
1101 3748 1251 3807 nominum
1266 3769 1387 3826 regnum
1402 3769 1435 3807 ac
1453 3770 1499 3808 aa·

354 3842 392 3881 το
401 3826 530 3905 quidem,
545 3846 632 3904 quam
647 3828 812 3905 regiorum
834 3839 868 3886 ut
881 3849 927 3885 os·
975 3829 1136 3888 cerdotium
1150 3829 1258 3886 Christi
1270 3830 1481 3887 constituamus
1489 3851 1499 3900 ;

401 3906 572 3965 tonderetur
593 3906 727 3966 Christus
744 3908 811 3983 jure
832 3927 925 3966 sacer·
975 3929 1042 3967 nam
1057 3928 1122 3967 cum
1142 3909 1221 3985 regia
1239 3909 1318 3966 tribu
1338 3908 1425 3966 Judae
1445 3909 1499 3967 tri·

401 3986 454 4046 dos
468 3998 556 4063 atque
564 4006 616 4044 rex
624 3986 719 4045 factus
729 3986 839 4057 fuisae;
854 4007 924 4063 qua·
975 3988 1030 4047 bus
1048 3987 1232 4046 sacerdotalis
1250 3987 1324 4046 Levi
1346 3988 1501 4064 conjuncta
1615 4024 1627 4046 ε

401 4065 552 4125 siscilicet
562 4067 631 4124 huic
644 4067 687 4125 rai
697 4066 784 4125 tidem
795 4068 860 4143 quis
874 4087 924 4125 nc·
975 4080 1030 4134 est,
1059 4067 1201 4143 siquidem
1230 4087 1351 4125 uxorem
1382 4067 1500 4125 duxerit

400 4158 461 4224 get,
475 4144 619 4204 velaliam
636 4166 715 4224 apem
731 4147 924 4221 habeatprae-
975 4146 1077 4205 Aaron
1115 4146 1314 4205 Elisabetham
1355 4147 1499 4205 Naassoni

355 4236 534 4304 a5terquam
549 4225 697 4283 Christum
713 4245 858 4284 summum
879 4246 923 4283 sn-
975 4246 1127 4297 sororem;
1174 4235 1205 4283 et
1247 4225 1371 4284 Eleazar
1413 4246 1501 4304 porro

401 4305 548 4364 cerdotem
572 4324 728 4382 regnumne
751 4325 924 4384 snpramun·
977 4305 1118 4364 Phatielis
1157 4304 1264 4375 filiam3
1309 4325 1346 4364 ex
1385 4306 1501 4383 illisque

401 4384 510 4443 danum
538 4404 616 4451 aase;
657 4384 688 4442 id
716 4405 784 4444 vero
811 4405 925 4443 annun·
976 4385 1082 4443 liberos
1128 4396 1250 4461 uterque
1298 4386 1500 4463 procreaverit.

401 4464 489 4522 cievit
512 4464 595 4522 nobis
616 4483 675 4521 non
697 4465 826 4523 tribuum
848 4476 926 4523 cata-
976 4465 1060 4522 Num
1079 4464 1170 4542 igitur
1187 4464 1304 4523 mentiti
1325 4476 1393 4524 sunt
1413 4485 1501 4523 evan.

401 4542 496 4621 logne,
511 4562 565 4601 nec
577 4562 727 4621 generum,
738 4564 803 4621 qum
819 4543 927 4602 litteris
976 4544 1097 4621 gelista,
1121 4564 1179 4601 non
1207 4544 1330 4602 veritate
1358 4545 1409 4603 sed
1430 4547 1501 4620 ficto

352 4622 538 4703 gomandata
564 4634 643 4688 sunt,
672 4624 851 4690 commixtio,
876 4624 927 4682 sed
977 4623 1063 4681 laude
1086 4623 1266 4682 constituta?
1296 4643 1329 4681 ac
1339 4635 1502 4761 Xropterea

352 4702 354 4706 ’
401 4703 571 4796 patriarcha
599 4713 630 4761 et
662 4702 821 4781 propheto.
877 4702 927 4761 Nc
978 4722 1055 4761 unus
1082 4722 1115 4760 ex
1140 4701 1199 4760 illis
1222 4721 1315 4779 genus
1359 4705 1425 4761 uxit
1450 4723 1502 4781 per

402 4782 502 4860 igitur,
516 4802 568 4841 vos
587 4802 648 4851 oro,
663 4781 871 4841 descendamus
890 4781 926 4840 ad
978 4781 1164 4839 Solomoncm
1185 4800 1277 4938 uslffite
1295 4802 1312 4839 a
1329 4782 1443 4841 Davidc
1465 4781 1503 4839 ad

402 4871 461 4919 tam
489 4862 604 4919 anxiam
630 4872 661 4920 et
684 4862 827 4920 minutam
853 4862 928 4920 circa
977 4860 1120 4919 Jacobum
1139 4861 1210 4919 Josc
1251 4862 1390 4936 ipatrem
1403 4884 1413 4932 ;
1428 4862 1502 4921 alter

402 4940 573 5018 religionem
600 4960 709 5007 curam,
734 4951 768 4999 ut
797 4961 926 5000 commu·
978 4960 1048 4999 vero
1075 4960 1168 5017 nsque
1192 4961 1210 4999 a
1234 4940 1354 4998 Nathan
1378 4939 1502 4998 Davidia

438 5100 534 5148 ίΕιού.
547 5099 579 5146 vi.
592 5114 632 5161 τῇ,
646 5114 684 5161 ²⁵·
860 5102 911 5148 88.
926 5100 1001 5148 Matt.
1013 5116 1063 5163 υιιρ
1077 5102 1093 5148 i.
1224 5100 1238 5138 h
1251 5102 1276 5147 S.
1288 5099 1360 5147 laucm
1370 5115 1421 5165 ουρ
1435 5100 1468 5146 iii.
