3917 6467
705 1096 753 1161 IN
776 1095 997 1162 AFnlonnl
1022 1094 1267 1161 OHRONlCA.
1475 1097 1539 1164 449

479 1262 516 1328 P.
534 1264 641 1348 283.1.
662 1284 708 1330 12.
724 1276 789 1340 μετὰ
802 1265 917 1349 Ἰησοῦν]
940 1267 994 1328 lta
1014 1264 1159 1328 ediderat
1180 1265 1262 1328 Scal.
1279 1264 1335 1327 sed
1356 1264 1439 1328 male
1459 1268 1535 1344 μετὰ

430 1364 534 1442 Ἰησοῦ
545 1365 698 1448 &accam
712 1366 873 1441 Goomam,
885 1368 969 1449 quod
986 1388 1067 1428 nunc
1083 1366 1114 1427 in
1131 1388 1250 1449 nupera
1265 1366 1340 1429 edit.
1357 1375 1533 1430 correctum

432 1478 494 1529 est.
541 1467 622 1529 Mox
646 1490 813 1551 perperam
835 1468 926 1531 deest
947 1467 1033 1551 apud
1061 1468 1253 1551 Scaligerum
1281 1468 1421 1547 Σαμουὴλ
1446 1467 1481 1531 κ’.
1496 1476 1533 1531 ut

431 1568 557 1631 monuit
571 1569 706 1631 Goams.

477 1668 559 1731 lbid.
574 1669 595 1732 l.
616 1689 664 1751 15.
681 1677 744 1730 κατὰ
762 1678 790 1729 δὲ
808 1677 937 1738 stoicam
955 1672 1007 1752 XC]
1031 1670 1160 1734 Eusebii
1178 1671 1288 1734 Cleroa.
1308 1672 1381 1732 Lat.
1397 1669 1439 1731 ad
1458 1690 1531 1732 ann.

432 1772 577 1834 Abrahae
598 1792 811 1832 nccccuxxxrv.
828 1792 944 1832 annum
966 1781 1116 1855 quartum
1138 1774 1324 1836 Salomonis.
1373 1772 1534 1856 Collipitar

431 1882 531 1935 autera
545 1895 628 1935 mnae
641 1883 755 1956 tempus
768 1895 789 1935 a
800 1873 894 1947 Mose,
907 1883 934 1936 et
949 1896 1063 1957 epressa
1074 1874 1176 1937 Israel
1185 1897 1220 1936 ac
1232 1876 1370 1959 AEpppto
1385 1895 1475 1957 mque
1489 1873 1535 1936 ad

426 1984 606 2058 praesentem
627 1996 752 2049 aonam,
767 1974 858 2036 amois
879 1996 1040 2039 ccccuxxx.
1056 1985 1090 2038 at
1104 1977 1275 2060 Reginorum
1298 1974 1347 2038 lid.
1370 1975 1477 2038 tertias
1499 1976 1534 2038 ia

430 2076 630 2140 testimoaiam
640 2085 690 2139 est.
701 2076 733 2137 h.
743 2098 770 2138 e.
781 2074 812 2137 in
825 2098 894 2159 cap.
906 2076 946 2139 vi.
960 2099 1072 2140 comm.
1088 2098 1112 2139 ι.
1144 2078 1260 2140 Confer
1272 2099 1424 2161 nuperam
1439 2077 1531 2141 editi·

430 2201 524 2242 onem
539 2177 665 2241 Emebie'
680 2177 892 2239 ctrmiooram
906 2178 947 2240 ab
964 2178 1088 2261 Angclo
1106 2177 1194 2240 Maio
1209 2179 1398 2240 adornatam
1413 2200 1444 2261 p.
1457 2194 1532 2261 317.

430 2280 749 2364 Interpretatimieqae
762 2279 919 2341 Armmiae
944 2279 1116 2342 editionem
1132 2278 1272 2341 Aucher.
1291 2278 1332 2340 V.
1349 2277 1395 2340 ΙΙ.
1412 2300 1441 2360 p.
1458 2298 1528 2361 149.

431 2382 578 2445 Alteram
593 2391 701 2443 autem
721 2402 875 2443 annorum
896 2385 970 2444 600.
989 2381 1257 2464 computationem
1273 2379 1451 2463 Syncellum
1467 2379 1533 2442 Eu·

429 2483 518 2547 sebio
545 2484 739 2559 attribuisse,
767 2504 830 2544 non
857 2491 989 2567 propter
1012 2482 1214 2548 Caesariensis
1238 2482 1376 2565 episcopi
1403 2489 1530 2545 tantum

429 2585 527 2660 dicta,
543 2585 599 2648 sed
622 2584 719 2647 etiam
741 2583 870 2667 propria
892 2605 950 2646 sua
976 2583 1068 2645 simul
1092 2582 1319 2646 admiscentem
1343 2590 1532 2668 argumenta

430 2688 557 2751 Goams
578 2686 720 2769 pluribus
742 2684 809 2747 vult
831 2685 1008 2748 ostendere.
1055 2685 1141 2749 Satis
1164 2707 1238 2749 vero
1263 2694 1339 2768 apte
1366 2686 1532 2749 convenire

429 2788 700 2873 computationem
716 2788 798 2851 hanc
810 2787 900 2851 video
911 2810 983 2850 cum
995 2787 1197 2851 accusatione
1209 2795 1321 2851 contra
1334 2788 1532 2863 Africanum,

429 2891 483 2975 qui
510 2912 611 2954 annos
636 2888 772 2974 collegit,
790 2897 872 2953 teste
892 2890 1048 2973 Syncello,
1065 2906 1136 2969 740.
1154 2891 1196 2953 ab
1212 2889 1362 2965 Eusebio,
1377 2899 1414 2953 ut
1435 2890 1532 2953 refert

429 2992 513 3055 idem
541 2990 704 3075 Syncellus
733 3013 804 3075 pag.
834 3010 885 3072 79.
918 2990 1142 3075 Ctromqrapt.
1171 2992 1329 3067 instituta,
1361 2993 1450 3075 quasi
1481 2992 1532 3055 ille

428 3095 577 3158 nimirum
593 3116 613 3157 a
628 3095 649 3156 J
653 3115 738 3156 osuae
755 3092 982 3175 Seniorumque
1003 3093 1199 3176 temporibus
1219 3095 1259 3156 ad
1278 3093 1352 3156 Heli
1371 3102 1405 3157 et
1421 3094 1532 3157 Samu-

428 3197 510 3261 elem
525 3218 623 3258 annos
638 3194 764 3257 circiter
784 3214 851 3271 140.
868 3215 1034 3277 perperam
1049 3194 1234 3257 addidisset.
1268 3195 1315 3257 Hi
1331 3202 1439 3258 autem
1454 3195 1529 3258 anni

433 3320 505 3380 140.
522 3306 650 3361 centum
671 3297 740 3360 illos
761 3296 925 3360 continent
948 3296 981 3358 in
997 3295 1092 3358 Num.
1108 3319 1206 3359 xxvn.
1222 3309 1423 3372 memoratos,
1439 3298 1532 3360 alios-

428 3424 490 3487 que
516 3408 673 3484 praeterca
695 3400 774 3462 bene
799 3398 927 3474 multos,
951 3398 1066 3481 quibus
1090 3407 1219 3481 superat
1244 3400 1296 3477 (ut
1318 3422 1358 3461 cx
1385 3399 1532 3462 Numerio

429 3527 542 3566 xxvnr.
558 3510 592 3565 et
613 3524 703 3563 xxix.
720 3510 753 3564 et
774 3501 833 3563 hoc
854 3501 923 3583 ipso
944 3500 1036 3562 Num.
1054 3500 1138 3563 inter
1160 3522 1193 3563 se
1214 3501 1337 3563 collatis
1361 3523 1435 3563 mox
1459 3523 1532 3565 con·

427 3604 545 3684 stabit)
571 3612 692 3667 ceteras
718 3602 970 3686 computationes
996 3602 1133 3664 calculus
1157 3602 1300 3665 Africani
1324 3603 1363 3665 de
1386 3611 1531 3688 ternpore

428 3706 514 3769 iuter
529 3705 603 3768 Heli
619 3705 711 3767 initia
727 3703 966 3787 Salomonisque
980 3725 1098 3766 annum
1115 3712 1264 3786 quartum
1284 3703 1391 3767 initus.
1437 3705 1531 3785 Quod

428 3830 504 3871 vero
527 3815 624 3890 caput
647 3813 708 3881 est,
727 3805 900 3868 adhibente
922 3804 1138 3887 discrepantes
1160 3805 1244 3868 inter
1266 3827 1299 3867 se
1324 3806 1530 3889 computandi

428 3911 569 3973 rationes
584 3908 617 3970 in
632 3908 762 3971 diversis
781 3906 845 3969 suis
865 3905 1013 3989 operibus
1033 3928 1258 3991 nonnunquam
1279 3906 1427 3982 Eusebio,
1444 3908 1527 3971 idem

428 4012 496 4096 ipse
519 4012 550 4074 in
576 4034 644 4095 cap.
667 4031 712 4088 ¹4·
732 4009 786 4072 lib.
807 4031 837 4071 x.
861 4010 1038 4091 Proeparet.
1061 4009 1181 4092 Evenp.
1206 4031 1307 4072 annos
1333 4010 1527 4094 singulorum

427 4114 543 4177 ducum
559 4111 720 4197 sigillatim
742 4131 907 4173 recensens
928 4131 1083 4172 summam
1099 4131 1255 4173 annorum
1270 4114 1343 4187 610,
1360 4133 1422 4173 non
1442 4112 1527 4195 quod

427 4216 502 4279 iecit
525 4215 558 4278 in
582 4214 723 4276 Chroniei
745 4215 873 4286 Camere,
893 4213 968 4291 480.
988 4211 1114 4295 collegit
1137 4211 1221 4275 inter
1245 4211 1393 4278 Exodum
1415 4235 1529 4277 annos-

427 4339 489 4402 que
510 4316 695 4380 Salomonis.
737 4314 831 4395 Quin,
846 4336 917 4376 oum
928 4313 998 4397 jam
1017 4315 1146 4377 tandem
1164 4314 1288 4379 licuerit
1304 4316 1432 4382 Eusebii
1448 4316 1529 4381 scita

427 4418 569 4503 prolerre
588 4417 620 4479 in
641 4417 746 4500 priore
762 4416 991 4481 Clirouicorum
1013 4416 1094 4479 libro
1115 4418 1230 4500 posita,
1247 4440 1285 4480 ea
1300 4418 1372 4480 huic
1387 4418 1456 4481 loco
1475 4441 1530 4502 ap-

428 4541 556 4605 ponam,
572 4518 687 4601 quippe
708 4540 778 4600 quae
800 4518 831 4579 in
848 4517 999 4580 Armenia
1018 4517 1290 4602 Interpretatione
1305 4519 1392 4582 edita
1418 4529 1452 4582 et
1468 4519 1530 4583 La·

427 4623 494 4686 tine
517 4642 668 4684 conversa
693 4620 733 4682 ab
757 4620 905 4682 Auchcro
928 4625 1051 4681 extant.
1097 4620 1184 4683 Dicit
1200 4621 1356 4683 Eusebius
1372 4629 1445 4704 post
1467 4623 1530 4684 eul-

426 4734 538 4809 patum
554 4722 739 4785 Africanum
755 4721 794 4783 de
809 4720 899 4783 annis
914 4720 1056 4803 pluribus
1076 4743 1171 4804 quam
1192 4740 1264 4803 740.
1283 4722 1366 4786 inter
1382 4723 1529 4785 Exodum

426 4835 461 4892 et
477 4826 676 4891 Salomonem
692 4825 787 4886 abeo
805 4822 962 4895 collectis,
988 4822 1170 4886 Atticinus
1192 4824 1339 4908 apostolus
1357 4824 1476 4887 Pactus
1497 4825 1531 4887 ia

426 4930 519 4993 Actis
540 4927 751 5010 Apostolorum
772 4922 927 5008 publicam
954 4924 999 4985 od
1018 4924 1143 4987 Jadoeee
1164 4947 1321 4987 sermonem
1342 4924 1450 4988 debeas
1471 4926 1529 4996 ait,

425 5030 507 5116 qaod
528 5029 692 5092 ‘Destruit
712 5028 788 5089 Jeea
811 5036 908 5110 pentes
929 5036 1036 5109 septem
1058 5026 1092 5089 a'n
1115 5036 1198 5089 terro
1225 5026 1479 5101 Chones-oscorum,
1504 5037 1531 5090 et

419 5131 557 5217 proedae't
571 5131 613 5193 eis
628 5140 739 5193 terrem
755 5129 853 5212 ipsam
861 5128 1077 5212 possidendam
1087 5153 1102 5202 ‚·
1118 5138 1241 5212 postque
1259 5151 1350 5190 crees.
1367 5149 1462 5191 annos
1482 5129 1532 5192 de·

471 5257 538 5296 vor„
556 5255 588 5294 n.
940 5250 958 5312 3
982 5254 1004 5291 n
