3917 6467
434 1085 476 1143 48
795 1079 1146 1144 ANNOTATIONES

433 1249 646 1334 quadraginta
658 1250 779 1312 dierum
790 1251 911 1333 jejunio
926 1260 1002 1313 ante
1017 1250 1144 1334 pascha.
1182 1247 1298 1331 Itaque
1309 1269 1382 1310 oum
1394 1246 1531 1310 Irenaeus

433 1351 544 1415 scribit
563 1351 717 1435 quosdam
737 1373 834 1413 unum
854 1351 936 1414 diem
953 1352 1124 1435 jejunasse,
1140 1351 1172 1414 id
1190 1349 1401 1413 Bellarminus
1422 1349 1470 1412 ita
1487 1349 1531 1410 in·

434 1453 560 1536 telligit,
577 1461 613 1516 ut
627 1452 710 1514 diem
731 1474 837 1528 unum,
855 1453 942 1515 verbi
961 1453 1068 1536 gratia
1087 1453 1256 1516 secundam
1276 1450 1399 1524 leriam,
1416 1450 1533 1535 absque

434 1555 497 1618 ullo
523 1553 737 1637 transegerint
762 1553 843 1629 cibo,
870 1575 908 1617 ae
934 1554 1048 1618 deinde
1074 1554 1199 1617 modica
1223 1553 1395 1616 relectione
1421 1573 1534 1636 corpus

434 1657 624 1722 curaverint.
670 1656 760 1719 ldem
780 1656 927 1740 deinceps
949 1657 1048 1720 tertia
1069 1657 1157 1732 seria,
1174 1656 1258 1719 idem
1279 1661 1406 1738 quarta,
1424 1653 1535 1738 quinta

432 1766 467 1822 et
495 1765 588 1821 sexta
613 1757 756 1831 fecerint,
782 1757 883 1820 donec
909 1764 1013 1820 totam
1040 1756 1316 1841 quadragesimam
1344 1753 1533 1839 explessent

435 1859 556 1923 Verum
574 1859 641 1921 haee
662 1857 842 1941 explicatio,
858 1865 892 1921 et
911 1880 931 1920 a
946 1857 1049 1920 verbis
1069 1864 1103 1921 et
1124 1879 1145 1920 a
1164 1878 1257 1920 sensu
1274 1855 1387 1920 Irenaei
1409 1855 1535 1940 penitus

432 1961 595 2024 abhorret.
641 1958 815 2021 Nonnullos
830 1957 893 2022 vidi
909 1957 963 2041 qui
983 1958 1066 2021 hunc
1082 1958 1196 2021 lrenaei
1218 1958 1321 2021 locum
1341 1957 1382 2020 de
1398 1957 1535 2041 quadra-

431 2061 523 2146 ginta
542 2061 670 2144 quidem
690 2061 812 2124 dierum
829 2061 950 2144 jejunio
970 2060 1161 2145 acciperent,
1177 2060 1233 2123 sed
1256 2060 1304 2123 ita
1326 2058 1534 2143 explicarent,

432 2169 470 2226 ut
488 2162 617 2246 qnidam
638 2183 700 2225 uno
720 2162 782 2237 dio,
797 2163 925 2245 quidam
948 2162 1045 2224 biduo
1067 2170 1125 2225 aut
1148 2161 1254 2225 triduo
1273 2162 1458 2244 jejunarent
1479 2180 1536 2244 per

431 2262 571 2347 singulas
589 2261 838 2346 quadragesimae
858 2262 1085 2326 hebdomadas.
1131 2261 1209 2342 Quoe
1229 2259 1356 2344 quidem
1376 2258 1535 2344 expositio

432 2364 537 2449 priore
553 2363 606 2427 illa
620 2364 720 2427 multo
735 2364 860 2427 videtur
874 2363 1078 2448 probabilior.
1118 2362 1184 2426 Alii
1199 2363 1283 2426 inter
1297 2382 1377 2444 qnos
1392 2368 1444 2425 est
1459 2360 1534 2426 Oar-

432 2466 546 2530 dinalis
567 2466 748 2541 Perronius,
767 2467 880 2531 Irenaei
903 2467 1007 2530 locum
1028 2465 1198 2551 accipiunt,
1215 2486 1279 2528 non
1301 2464 1340 2527 de
1362 2470 1436 2528 teta
1458 2485 1534 2549 qua·

431 2568 611 2653 dragesima
626 2569 681 2631 sed
697 2569 736 2631 de
751 2569 948 2632 hebdomade
966 2568 1117 2652 paschali,
1134 2588 1205 2650 qnae
1225 2566 1336 2650 incipit
1354 2587 1376 2628 a
1395 2565 1534 2629 secunda

431 2670 511 2733 feria
531 2669 660 2752 majoris
680 2669 897 2733 hebdomadae.
943 2670 1120 2735 Confirmat
1143 2669 1226 2732 hane
1249 2667 1444 2731 sententiam
1458 2666 1534 2731 Dio-

432 2772 539 2856 nysius
556 2772 791 2836 Alexandrinus
813 2773 845 2835 in
865 2774 1001 2858 epistola
1020 2774 1063 2836 ad
1078 2772 1259 2846 Basilidem,
1275 2770 1324 2833 his
1344 2769 1449 2833 verbis
1470 2769 1534 2835 ἐπεὶ

431 2875 505 2952 μηδὲ
526 2876 578 2940 τὰς
599 2874 630 2951 ἓξ
652 2879 712 2936 τῶν
733 2880 877 2953 νηστειῶν
899 2875 1009 2955 ἡμέρας
1029 2877 1103 2940 ἴσως
1123 2875 1197 2952 μηδὲ
1216 2873 1324 2951 ὁμοίως
1342 2870 1454 2938 πάντες
1473 2876 1533 2935 δια·

430 2973 583 3052 μένουσιν·
615 2975 685 3037 ἀλλ’
703 2976 732 3037 ol
755 2977 812 3053 μὲν
838 2979 886 3039 καὶ
909 2975 1010 3042 πάσας
1032 2973 1252 3055 ὑπερτιθέασιν,
1277 2973 1333 3036 &a
1359 2979 1397 3036 ut
1423 2994 1532 3057 snpra.

433 3076 506 3138 Non
521 3096 613 3138 ovum
625 3096 684 3138 ovo
696 3075 827 3138 similius
842 3084 902 3154 est,
912 3099 1008 3161 quam
1019 3083 1094 3139 sunt
1109 3075 1193 3138 inter
1208 3096 1242 3138 se
1256 3073 1371 3136 similia
1385 3073 1456 3137 haec
1471 3072 1533 3136 dne

431 3177 512 3252 loca,
525 3176 638 3239 Irenaei
648 3198 687 3240 ac
699 3175 861 3259 Dionysii:
876 3178 957 3240 adeo
972 3185 1009 3241 ut
1022 3176 1193 3260 Dionysius
1205 3195 1276 3238 cnm
1289 3174 1357 3237 haeo
1369 3174 1531 3251 scriberet,

433 3277 546 3341 lrenaei
561 3277 665 3340 locum
688 3277 721 3340 in
743 3285 849 3342 mente
869 3279 1017 3343 habuisse
1036 3278 1113 3341 mihi
1134 3277 1290 3341 videatur.
1335 3275 1466 3340 Tertius
1484 3275 1533 3338 his

430 3378 561 3462 adjungi
576 3384 684 3461 potest
698 3378 785 3442 locus
801 3379 971 3462 Epiphanii
988 3380 1020 3443 in
1040 3378 1237 3464 expositione
1254 3377 1328 3441 fidei
1345 3377 1530 3454 Catholieae,

430 3502 528 3563 supra
539 3481 607 3564 jam
622 3503 643 3544 a
657 3481 748 3545 nobis
763 3491 1037 3547 commemoratus.
1062 3484 1222 3546 anrsms.

476 3582 513 3643 P.
524 3601 575 3664 39.
587 3581 608 3644 l.
622 3601 650 3660 7.
662 3585 690 3646 oi
700 3586 758 3670 μὲν,
767 3587 880 3647 οἴονται
889 3586 961 3662 μίαν
972 3583 1085 3665 ἡμέραν
1099 3584 1168 3668 &c.]
1182 3583 1257 3647 Sine
1270 3582 1367 3646 dubio
1382 3581 1531 3668 intelligit

433 3686 575 3748 Irenaeus
595 3691 719 3747 sextam
738 3685 850 3748 feriam
871 3686 1001 3769 majoris
1022 3686 1241 3749 hebdomadae.
1286 3685 1365 3749 cum
1388 3685 1474 3746 enim
1493 3685 1531 3747 de

426 3787 548 3869 jejunio
568 3786 707 3870 paschali
727 3787 885 3870 loquatur,
908 3794 941 3851 et
963 3789 1117 3872 quosdam
1142 3808 1204 3851 uno
1229 3787 1389 3850 duntaxat
1414 3786 1466 3850 die
1487 3788 1531 3869 je·

425 3889 541 3973 junare
561 3889 656 3966 dicat,
673 3910 766 3973 quem
786 3889 883 3952 alium
903 3889 988 3952 diem
1008 3889 1182 3974 intelligere
1202 3895 1311 3972 potest
1330 3909 1428 3971 qnam
1448 3887 1531 3952 diem

430 3990 576 4074 pasehael
621 3990 672 4053 Sia
687 3991 770 4054 enim
785 3991 959 4054 vocabatur
974 3991 1041 4055 dies
1056 3992 1118 4067 ille,
1133 3999 1170 4055 ut
1185 4014 1225 4054 ex
1241 3991 1438 4055 Tertulliano
1451 3992 1532 4074 jam-

430 4093 553 4176 pridem
569 4093 609 4155 ab
624 4092 694 4155 aliis
709 4093 912 4156 observatum
933 4101 991 4156 est.
1039 4095 1109 4170 Quo
1129 4093 1257 4176 quidem
1278 4092 1341 4168 die,
1356 4092 1531 4158 communis

431 4200 465 4258 et
479 4193 605 4276 publica
615 4193 727 4277 jejunii
747 4193 857 4277 religio
877 4202 956 4271 erat,
974 4204 1010 4258 nt
1031 4195 1141 4258 scribit
1163 4194 1378 4258 Tertullianus
1397 4193 1431 4255 in
1451 4193 1532 4256 libro

430 4295 470 4358 de
486 4295 639 4358 oratione.
686 4294 756 4374 Qua
770 4296 810 4357 de
829 4317 864 4358 re
884 4296 1015 4380 insignis
1037 4304 1088 4360 est
1112 4296 1270 4360 Methodii
1292 4294 1381 4359 loeus
1403 4295 1436 4357 in
1458 4317 1532 4359 cen·

430 4395 511 4458 vivio
541 4395 708 4478 virginum,
735 4397 879 4459 oratione
909 4397 1018 4473 tertia,
1044 4397 1096 4480 qui
1123 4397 1174 4460 hic
1212 4403 1353 4460 meretur
1381 4395 1530 4460 adscribi.

430 4500 531 4576 ὥσπερ
547 4500 605 4578 γὰρ
620 4501 704 4564 εἴτις
720 4500 754 4560 ἓν
768 4497 861 4581 ἡμέρη
876 4505 927 4560 τοῦ
941 4499 1048 4581 πάσχα
1065 4501 1112 4562 καὶ
1127 4504 1177 4577 τῆς
1198 4502 1336 4577 νηστείας
1356 4499 1533 4578 ἐπισφαλῶς

430 4598 656 4683 νοσηλευομένην
679 4599 850 4679 προσέφερε
872 4601 995 4680 τροφὴν,
1018 4601 1066 4662 καὶ
1086 4599 1206 4663 ἐκέλευε
1226 4602 1275 4662 διὰ
1295 4599 1348 4676 τὴν
1369 4599 1533 4664 ἀσθένειαν

429 4702 656 4780 ἀπογεύσασθαι
670 4702 781 4764 τούτων
796 4707 855 4763 τῶν
870 4700 1133 4781 προσφερομένων,
1150 4701 1259 4783 λέγων·
1285 4702 1324 4767 ὡς
1342 4702 1399 4781 ἄρα
1420 4701 1455 4764 τὸ
1475 4705 1532 4782 μὲν

429 4805 554 4881 ἀληθῶς,
568 4801 591 4865 ὦ
607 4804 701 4879 οὗτος,
715 4804 819 4879 καλὸν,
833 4805 924 4884 ε’χρῆν
939 4805 1040 4882 ὥσπερ
1052 4803 1087 4879 δὴ
1104 4804 1152 4865 καὶ
1166 4804 1252 4881 ἡμᾶς,
1270 4803 1320 4865 καί
1333 4827 1370 4864 σε
1385 4809 1532 4884 καρτερῶς

428 4907 628 4978 διαμείναντα,
654 4911 714 4967 τῶν
740 4906 836 4967 αὐτῶν
864 4911 1058 4982 μεταλαβεῖν·
1094 4906 1290 4986 ἀπηγόρευται
1314 4906 1372 4985 γὰρ
1399 4903 1532 4984 σήμερον

427 5009 539 5084 διαίτης
554 5009 768 5087 ἐπιμνησθῆναι
784 5009 817 5069 τὸ
839 5010 980 5070 σύνολον.
1028 5006 1065 5069 Id
1081 5014 1149 5070 est:
1176 5008 1261 5069 Nam
1281 5006 1531 5090 queamdmodum

425 5110 519 5172 οιίιιὶ
527 5108 694 5192 periochae
716 5110 874 5193 <spectanti
894 5109 944 5172 die
959 5109 1084 5192 μαςιΙιιν
1103 5131 1139 5171 αι
1153 5109 1280 5191 januli,
1296 5105 1396 5171 cibum
1417 5109 1532 5195 aliquis
