3917 6467
424 1074 489 1140 436
788 1071 1166 1137 ANNO'l'ATIONES

424 1252 445 1279 ‘⁸
460 1243 575 1318 locum,
591 1240 670 1305 satis
694 1240 766 1303 licet
786 1240 980 1324 negligenter
1000 1239 1198 1324 inspectum
1222 1261 1320 1324 quum
1342 1260 1433 1322 nequo
1451 1236 1490 1301 lo

425 1354 448 1383 “
464 1344 591 1428 sophus,
604 1365 705 1427 neque
727 1341 921 1416 Herodotus,
937 1342 1085 1425 Assyrios,
1101 1365 1182 1426 quos
1202 1341 1254 1405 ille
1276 1342 1318 1405 ab
1338 1341 1492 1404 Abrabam

426 1456 444 1484 “
460 1447 605 1520 arcessit,
626 1446 681 1508 scd
704 1447 807 1527 Syros,
830 1445 1011 1508 Palaestinae
1034 1451 1219 1508 memorent
1265 1445 1314 1506 At
1335 1443 1494 1525 defectiones

425 1556 447 1586 ‘⁶
463 1547 647 1611 Jsdoeonsm
662 1555 695 1610 et
712 1546 795 1609 hunc
811 1546 933 1608 Amasin
953 1546 993 1609 de
1013 1567 1070 1609 suo
1089 1545 1217 1609 addidit
1231 1545 1408 1621 Africanus,
1422 1563 1495 1627 quun

426 1659 448 1688 ‘⁴
464 1671 621 1733 nusquam
637 1649 824 1711 Herodotus
839 1648 936 1710 ullum
951 1648 992 1711 dc
1006 1647 1045 1711 iis
1058 1647 1189 1711 verbum
1204 1646 1349 1709 fecerit.”
1371 1668 1401 1730 p.
1417 1665 1468 1728 39.

469 1749 508 1814 P.
524 1754 597 1830 276.
613 1749 635 1811 l.
657 1771 704 1813 ιι.
721 1755 908 1827 Πτολεμαῖος
931 1774 963 1812 τε
983 1748 1186 1826 ὀΜενδήσιος
1208 1749 1281 1832 δια]
1312 1748 1433 1811 Rectius
1453 1747 1497 1808 lor·

425 1860 511 1916 tasse
533 1878 566 1915 τε
590 1874 649 1936 pro
675 1854 707 1914 δὲ
732 1850 900 1934 Syncelloa
925 1850 1019 1933 idque
1044 1871 1127 1912 nunc
1151 1849 1265 1934 recepi.
1314 1848 1498 1912 Tatianusin

430 1954 574 2016 Oratione
593 1953 638 2015 ad
661 1954 782 2015 (ἴτωσαν
805 1953 833 2032 ξ.
849 1972 904 2034 59,
920 1951 966 2013 vcl
988 1952 1043 2035 38,
1058 1950 1127 2012 haec
1146 1949 1274 2014 scribit:
1301 1947 1498 2030 Αἰγυπτίωνδέ

427 2058 503 2117 εἰσιν
519 2057 550 2116 αἱ
565 2053 609 2116 ἐπ’
626 2055 747 2133 ἀκριβὲς
762 2053 879 2135 χρόνων
895 2053 1077 2133 ἀναγραφαὶ,
1093 2052 1141 2114 καὶ
1155 2057 1214 2113 τῶν
1229 2053 1291 2113 κατ’
1308 2050 1409 2115 αὐτοὺς
1426 2074 1498 2128 τραγ·

425 2156 526 2235 μάτων
542 2158 682 2236 ἑρμηνεύς
698 2157 762 2217 ἔστι
778 2161 977 2233 Πτολεμαῖος,
993 2155 1049 2235 οὐχ
1066 2155 1083 2216 ὁ
1104 2153 1262 2231 βασιλεὺς,
1279 2152 1373 2232 ἱερεὺς
1392 2155 1421 2213 δὲ
1440 2150 1499 2212 nlo

426 2264 520 2337 δητος.
543 2258 626 2322 οὗτος
643 2260 693 2322 τὰς
708 2262 767 2318 τῶν
786 2255 943 2334 βασιλέων
964 2254 1083 2334 πράξεις
1103 2253 1298 2332 ἐκτιθέμενος,
1317 2251 1378 2316 κατ’
1390 2251 1501 2330 'Aaou

425 2359 560 2438 βασιλέα
576 2360 725 2438 Αἰγύπτου
745 2356 904 2439 γεγονέναι
916 2356 1068 2419 Ἰουδαίων
1089 2356 1164 2435 φησὶ
1183 2355 1238 2432 τὴν
1259 2357 1292 2432 ἐξ
1309 2356 1450 2435 Αἰγύπτου
1464 2377 1502 2414 το

425 2462 521 2540 ρείαν,
538 2463 580 2525 εἰς
595 2459 671 2539 ἅπερ
685 2458 779 2537 ἦλθον
793 2461 898 2540 χωρία,
918 2456 1068 2523 Μωυσέως
1082 2455 1257 2537 ἡγουμένου.
1281 2457 1368 2536 λέγει
1381 2458 1412 2518 δέ
1425 2458 1502 2518 οὕτως.

427 2565 444 2624 ὁ
460 2564 492 2624 δὲ
504 2560 637 2641 ’λμωσις
653 2560 774 2641 έγένετο
791 2562 853 2623 κατ’
864 2559 989 2641 Ἴναχον
1003 2558 1145 2637 βασιλέα.

473 2661 554 2726 lbid.
571 2662 591 2725 l.
613 2684 622 2724 ι
628 2683 659 2746 5.
674 2662 749 2741 μετά
761 2688 796 2743 γι
812 2660 940 2744 Μωσέα]
957 2660 1076 2724 Addidi
1097 2685 1132 2740 γε
1148 2681 1188 2722 ex
1210 2658 1360 2742 Syncolla
1376 2658 1426 2743 qui
1444 2679 1504 2741 pra-

428 2774 518 2829 terea
533 2764 631 2827 habet
647 2765 685 2830 ὡς
702 2765 728 2826 εἰ
742 2765 773 2825 τί
785 2788 866 2825 ποτε.

472 2864 555 2928 Ibid.
569 2866 588 2927 l.
608 2885 655 2945 17.
672 2863 815 2947 Σπαρτοὶ]
829 2864 1045 2948 Supplondum
1061 2863 1167 2939 credo,
1178 2862 1226 2926 vel
1242 2865 1371 2935 ὀδόντες,
1384 2862 1429 2925 vel
1439 2885 1507 2940 οτρο

429 2972 538 3042 τιῶται,
565 2965 612 3028 vel
642 2965 762 3049 aliquid
787 2965 897 3029 similo.
924 2965 1051 3028 omuino
1079 2965 1163 3028 enim
1192 2971 1267 3048 post
1292 2964 1460 3047 Europam,
1480 2959 1508 3021 ds

430 3069 562 3144 (ladm0,
588 3067 761 3150 Cadmique
791 3067 944 3130 militibus
973 3089 1013 3130 ox
1039 3065 1194 3130 Draconis
1224 3065 1375 3129 dentibus
1401 3073 1509 3148 repento

430 3172 520 3247 satis,
536 3171 686 3254 loquutus
706 3170 839 3234 videtur.
863 3169 1014 3233 Vmerus.
1066 3170 1182 3254 Agitur
1203 3170 1243 3232 de
1264 3169 1379 3232 Cadmi
1395 3169 1510 3249 Europe

431 3274 540 3337 fratris
555 3273 659 3348 sociis,
671 3272 729 3357 ipsi
741 3277 835 3349 enim,
848 3281 884 3336 ut
899 3273 1015 3335 docent
1030 3272 1155 3346 fabulae,
1166 3295 1186 3335 a
1197 3272 1294 3335 verbo
1310 3273 1422 3351 σπείρω
1432 3271 1511 3352 Spon

430 3386 529 3439 torum
544 3398 657 3437 nomen
670 3376 799 3438 habunt.
839 3377 1019 3458 Stephanus
1029 3377 1161 3458 Byzant¹
1177 3375 1227 3434 De
1240 3370 1385 3435 Urbibus:
1403 3371 1510 3449 Σπάρτη·

433 3478 604 3540 Λακωνικὸν
626 3480 749 3559 χωρίον,
765 3479 822 3540 ἀπὸ
846 3484 903 3539 τῶν
925 3481 1000 3556 μετὰ
1022 3477 1140 3554 Κάδμου
1160 3482 1313 3555 Σπαρτῶν·
1340 3477 1406 3554 περὶ
1424 3476 1511 3535 aab·

431 3582 564 3662 μαγύρας
579 3583 681 3661 φησὶν,
696 3583 899 3646 Ἐκπεσόντας
910 3583 941 3643 δέ
958 3581 1062 3644 αὐτοὺς
1078 3583 1119 3643 εἷς
1134 3579 1187 3655 τὴν
1198 3578 1382 3654 Λακωνικὴν,
1396 3577 1513 3655 Σπάρτην

433 3683 486 3763 ἀφ’
510 3686 621 3744 ἑαυτῶν
648 3682 804 3760 ὀνομάσαι.
828 3704 899 3765 pag.
929 3684 1001 3763 615.
1025 3683 1073 3742 ed.
1099 3680 1208 3742 Piucd.
1255 3680 1305 3741 De
1332 3679 1391 3741 hac
1417 3700 1449 3739 rc
1472 3695 1514 3736 nos

433 3783 535 3845 mittit
561 3783 598 3845 ol.
617 3783 765 3845 Jortinus
790 3783 820 3844 in
848 3780 1010 3845 Obscroott.
1034 3781 1078 3843 od
1098 3781 1184 3842 Hm.
1209 3780 1294 3842 Eccl.
1318 3778 1393 3842 Vol.
1411 3778 1473 3839 Ill.
1492 3796 1513 3857 p.

434 3885 508 3960 468.
524 3885 565 3946 ad
582 3883 703 3966 Ηρρῖιιὶ
718 3882 797 3946 Feb.
815 3907 844 3967 p.
866 3886 932 3963 178.

481 3984 560 4046 lbid.
577 3984 597 4046 l.
618 3986 664 4046 18.
683 3982 770 4047 ἆθλοι
785 3983 974 4066 Ἡράκλειοι]
1002 3983 1087 4045 Dum
1111 3985 1196 4067 apud
1221 3982 1343 4046 editum
1366 3979 1516 4044 Eusebium

435 4093 508 4170 post
524 4109 615 4149 voces
632 4090 668 4148 τὰ
683 4089 749 4166 περὶ
759 4088 854 4148 Ἴλιον
869 4094 975 4148 exstat
991 4087 1030 4148 de
1047 4085 1192 4148 Hercule
1202 4085 1297 4157 istud,
1315 4085 1398 4146 idem
1414 4085 1471 4145 huc
1484 4101 1518 4142 re-

436 4187 532 4263 traxi,
559 4187 711 4270 temporis
741 4187 918 4250 rationibus
948 4187 1123 4263 consulens,
1148 4194 1180 4248 et
1209 4185 1271 4247 fide
1292 4186 1386 4247 nixus
1411 4179 1518 4246 Eusebi

436 4291 479 4351 M
478 4289 530 4351 Sti
545 4311 582 4350 nc
598 4289 742 4371 Syncelli.
791 4290 881 4352 Nunc
897 4291 997 4353 addas
1012 4312 1060 4351 aas
1075 4289 1153 4351 alios
1168 4288 1252 4350 codd.
1271 4287 1505 4370 Gaissordioaos.

482 4391 517 4451 Ρ.
537 4406 609 4471 277.
625 4391 645 4453 l.
670 4412 696 4451 ι.
713 4391 938 4478 Ὀλυμπιάδες]
963 4391 1107 4454 Conlerri
1129 4398 1293 4453 merentur
1315 4412 1363 4464 ea,
1381 4412 1449 4473 qum
1470 4387 1522 4470 ipso

438 4513 561 4575 quoque
588 4490 744 4553 Eusebius
771 4493 880 4556 scribit
906 4494 957 4555 lib.
980 4516 1011 4554 x.
1030 4495 1131 4575 Propi.
1148 4514 1213 4554 suae
1229 4493 1349 4575 Εοαιιρ.
1367 4514 1436 4575 cap.
1454 4513 1481 4574 9.
1495 4489 1524 4549 de

438 4600 536 4656 aetatc
554 4593 654 4656 Mosis
673 4594 719 4656 vel
742 4594 968 4677 antiquissimis
984 4595 1152 4658 Graiorum
1176 4593 1292 4656 fabulis
1316 4594 1433 4676 priore,
1448 4610 1525 4676 quen

439 4703 547 4759 tamon
563 4701 689 4757 tantum
705 4696 852 4781 Cecropis
867 4698 1021 4780 aequalem
1042 4696 1156 4759 statuit
1168 4719 1224 4758 :-
1234 4699 1329 4772 εὕροις
1345 4697 1384 4758 ἂν
1400 4700 1469 4758 κατὰ
1483 4697 1526 4773 μὲν

437 4797 599 4877 Ἐβραίους
618 4797 745 4874 Μωσέα,
763 4803 836 4860 κατὰ
857 4798 1055 4876 δὲἝλληνας
1072 4799 1210 4878 Κέκροπα
1230 4798 1284 4859 τὸν
1305 4803 1428 4878 γηγενῆ.
1453 4797 1528 4859 «aad

440 4925 510 4978 τερα
526 4900 557 4960 δὲ
578 4904 636 4960 τῶν
653 4897 804 4978 Κέκροπος
825 4903 984 4982 ἱστορεῖται
1005 4903 1122 4982 χρόνων
1142 4905 1178 4963 τὰ
1198 4899 1413 4980 παρ”Ἐλλησι
1433 4906 1526 4976 θαυμα-

441 5002 558 5077 ζόμενα·
583 5002 696 5080 γίνεται
712 5005 768 5081 γὰρ
782 5007 856 5079 μετὰ
873 5004 1012 5082 Κέκροπα
1027 5005 1042 5064 ὁ
1064 5006 1138 5065 κατὰ
1154 5008 1351 5065 Δενκαλιῶνα
1374 5010 1527 5064 κατακλυσι

439 5102 503 5178 μὸς,
521 5103 568 5164 καὶ
583 5103 600 5179 ἡ
616 5104 662 5164 lai
675 5102 845 5170 Φαέθοντος
862 5107 1033 5184 ἐκπύρωσις,
1049 5103 1237 5185 Ἐριχθονίου
1253 5129 1285 5166 τε
1302 5104 1433 5185 γένεσις,
1446 5105 1532 5182 Κόρης
