3917 6467
506 1085 549 1149 78
937 1082 1176 1149 MAXIMUS.

505 1245 760 1338 amplissimum
778 1246 1016 1339 fragmentum
1034 1246 1182 1317 exhibet
1195 1247 1371 1319 Eusebius
1390 1247 1466 1338 (ubi
1486 1250 1610 1343 supra)

506 1362 599 1453 quod
630 1361 667 1431 in
698 1359 861 1454 Origenis
890 1361 999 1429 etiam
1031 1360 1170 1455 dialogo
1200 1373 1334 1433 contra.
1354 1363 1611 1435 Marcionistas

507 1478 657 1548 totidem
681 1477 796 1546 verbis
823 1475 982 1545 habetur.
1036 1475 1132 1547 Hinc
1155 1487 1240 1548 nata
1260 1479 1342 1550 viris
1365 1481 1514 1550 eruditis
1540 1480 1610 1550 dis-

506 1591 585 1662 sidii
603 1613 712 1685 seges.
757 1590 826 1662 Vir
848 1590 892 1661 cl.
912 1589 1138 1663 Wetstenius
1162 1593 1198 1662 in
1216 1592 1360 1665 Praefat.
1377 1596 1423 1665 ad
1440 1593 1610 1688 Origenis

508 1707 647 1802 Dialog.
665 1708 700 1777 id
718 1729 740 1776 e
758 1706 911 1776 Maximi
929 1706 1019 1777 libro
1044 1706 1118 1803 περὶ
1141 1714 1199 1791 τῆς
1220 1706 1299 1791 ὕλης
1321 1720 1509 1802 acceptum
1535 1711 1609 1780 dia·

507 1826 589 1919 logo
606 1849 669 1895 suo
686 1823 871 1894 inseruisse
885 1822 1077 1917 Origenem
1091 1826 1285 1896 contendit.
1329 1826 1361 1896 E
1375 1834 1499 1896 contra
1512 1825 1610 1896 Doc-

506 1944 580 2012 tiss.
608 1939 775 2021 Huetius‚
800 1938 964 2032 Append.
986 1940 1031 2009 ad
1058 1938 1261 2035 Origenian.
1288 1940 1349 2012 lib.
1375 1942 1424 2011 iii.
1452 1948 1483 2033 d.
1510 1965 1547 2035 9.
1573 1965 1607 2034 p.

510 2057 591 2151 276.
609 2062 739 2135 censet,
759 2053 962 2124 Maximum
987 2063 1158 2138 nostrum,
1174 2079 1282 2148 quem
1309 2058 1353 2127 ad
1380 2056 1607 2128 Constantini

508 2182 667 2264 tempora
684 2169 850 2250 detrudit,
869 2169 1047 2264 dialogum
1065 2171 1173 2241 istum
1192 2171 1258 2243 sub
1276 2170 1440 2268 Origenis
1462 2174 1607 2243 nomine

507 2287 754 2379 composuisse,
778 2285 947 2377 operique
973 2309 1036 2357 suo
1059 2286 1135 2382 περὶ
1161 2295 1219 2369 τῆς
1243 2285 1319 2369 ὕλης
1345 2288 1551 2370 intermisse,
1569 2297 1606 2358 et

507 2404 637 2473 exinde
653 2401 890 2495 fragmentum
908 2400 996 2471 illud
1014 2401 1059 2472 ab
1077 2402 1232 2474 Eusebio
1251 2403 1503 2495 depromptum
1519 2425 1605 2474 esse.

509 2519 686 2590 Caeterum
703 2517 841 2586 infirmo
858 2516 963 2609 plane
976 2518 1123 2588 tibicine
1139 2518 1255 2589 fulciri
1268 2519 1357 2589 mihi
1376 2519 1518 2589 videtur
1529 2541 1606 2589 sen·

508 2635 621 2705 tentia
650 2631 842 2714 Huetiana‚
867 2639 905 2702 et
930 2633 991 2703 vix
1016 2634 1330 2705 verisimilitudinis
1356 2634 1521 2706 umbram
1545 2634 1605 2705 ha-

508 2750 602 2821 bere.
654 2748 694 2818 Si
720 2747 952 2819 Constantino
976 2749 1174 2841 imperante
1197 2751 1391 2843 scripsisset
1409 2749 1604 2833 Maximus,

508 2865 685 2957 quomodo
708 2866 744 2951 id
763 2864 957 2934 Eusebium
983 2864 1020 2933 in
1046 2866 1293 2955 conquirendis
1310 2863 1466 2935 virorum
1494 2866 1605 2937 eccle·

507 2981 726 3052 siasticorum
743 2979 982 3050 monumentis
999 3002 1042 3048 eo
1059 2980 1135 3070 ipso
1153 2987 1314 3072 tempore
1331 2980 1605 3052 versatissimum

508 3096 662 3190 effugere
679 3094 819 3188 potuit?
871 3093 991 3176 Quid?
1022 3093 1115 3184 quod
1134 3093 1308 3165 Eusebius
1326 3094 1533 3167 Maximum
1555 3096 1606 3166 di·

508 3221 601 3285 serte
618 3219 782 3283 accenset
799 3210 859 3292 eis,
875 3217 947 3284 τοῖς
970 3208 1071 3278 εἰσέτι
1096 3213 1159 3291 νῦν,
1178 3209 1222 3280 de
1245 3209 1435 3280 Commodi
1457 3211 1605 3303 imperio

507 3326 675 3419 loquitur,
701 3323 761 3417 qui
787 3331 874 3392 tunc
899 3321 1068 3412 temporis
1094 3322 1269 3400 vixerunt,
1290 3329 1328 3391 et
1354 3319 1509 3413 plurima
1533 3319 1607 3391 luu-

508 3441 634 3513 dabilis
650 3439 844 3532 diligentiae
860 3444 1093 3507 monumenta
1108 3445 1189 3528 post
1213 3459 1251 3507 se
1273 3435 1493 3529 reliquerunt
1519 3435 1607 3525 (Eu-

507 3557 580 3628 seb.
599 3555 648 3626 H.
660 3554 702 3624 E.
714 3577 746 3623 v.
763 3552 848 3644 ap).
900 3550 949 3620 Et
965 3548 1205 3642 Hieronymus
1222 3551 1366 3643 quidem
1384 3550 1458 3640 (De
1476 3550 1605 3644 Script.

508 3697 583 3766 cap.
610 3675 687 3767 47.)
715 3668 910 3740 Eusebium
938 3665 983 3734 de
1014 3665 1201 3736 Commodi
1231 3665 1425 3759 Severique
1458 3668 1606 3760 imperio

507 3798 605 3860 recte
621 3790 884 3878 interpretatur.
938 3780 1054 3850 Immo
1072 3780 1224 3852 Basilius
1242 3791 1280 3852 et
1298 3781 1548 3852 Nazianzenus
1570 3783 1606 3852 in

507 3902 701 3974 Philocalia
726 3900 940 3994 Origeniana
966 3919 1042 3988 cap.
1069 3917 1126 3985 24.
1148 3897 1186 3965 in
1210 3898 1290 3979 fine,
1309 3896 1474 3968 Maximo
1500 3897 1607 3969 diser-

507 4020 642 4091 tissime
671 4015 861 4097 ascribunt,
890 4014 957 4085 etsi
988 4013 1024 4081 id
1055 4012 1206 4082 totidem
1235 4013 1350 4084 verbis
1377 4013 1414 4082 in
1444 4010 1607 4107 Origenis

506 4134 647 4227 dialogo
664 4140 787 4203 contra
805 4128 1037 4198 Marcionitas
1058 4148 1096 4197 se
1119 4129 1288 4220 reperisse
1311 4129 1500 4200 fateantur.
1554 4128 1607 4200 Ut

507 4250 605 4321 nulla
621 4272 691 4319 non
710 4247 845 4316 ratione
863 4242 1027 4314 concludi
1049 4244 1170 4335 possit,
1188 4252 1350 4314 autorem
1375 4245 1515 4339 dialogi,
1534 4246 1606 4316 sive

508 4364 681 4458 Origenes
698 4363 753 4444 sit,
772 4383 834 4431 seu
851 4359 929 4451 quis
946 4356 1045 4437 alius,
1064 4357 1305 4450 fragmentum
1323 4360 1411 4431 illud
1435 4384 1481 4431 ex
1500 4359 1606 4431 Max·

507 4482 569 4550 imi
588 4480 677 4550 libro
695 4476 770 4573 περὶ
788 4481 847 4557 τῆς
864 4473 940 4555 ὕλης
958 4473 1202 4565 desumpsisse.
