3917 6467
431 1107 499 1171 35⁰
807 1100 1164 1168 annonanlonns

432 1277 500 1356 γῆς.
543 1272 715 1335 Africanus
729 1271 859 1351 Γειῶραν
872 1270 1104 1354 interpretatur
1117 1272 1186 1338 reis
1199 1269 1250 1335 ἀπ’
1268 1272 1415 1353 Αἰγίπαν
1427 1284 1505 1333 αντα-

432 1377 583 1441 eradatur
602 1376 778 1452 ὶπομίκτοος.
824 1373 865 1436 ld
885 1380 935 1436 est
958 1394 1115 1437 convenas
1138 1372 1192 1458 qui
1214 1394 1257 1437 ex
1272 1372 1419 1457 AEgypte
1438 1370 1508 1435 sunni
1570 1396 1571 1403 ¹

432 1498 507 1540 cum
523 1475 678 1539 israelitis
693 1473 811 1559 egressi
827 1473 962 1538 inerant.
1009 1474 1134 1560 Duplex
1153 1474 1239 1539 enim
1254 1473 1417 1539 hominum
1433 1493 1510 1559 genu

431 1578 560 1642 Judaeis
588 1577 631 1641 ab
659 1577 803 1661 AEgypto
824 1575 1061 1661 egredientibus
1085 1599 1155 1642 sese
1179 1576 1342 1662 edjunxit.
1389 1575 1513 1640 Artem

434 1680 665 1765 AEgyptiorum
684 1678 913 1763 indigenarum,
928 1700 1007 1763 ques
1024 1679 1132 1743 Moses
1152 1679 1340 1763 αὐτόχθονας
1359 1686 1463 1743 vocat:
1480 1676 1514 1740 rt

433 1789 539 1846 terum
554 1802 776 1857 convenarum,
791 1779 824 1843 id
839 1788 889 1844 est
903 1780 1089 1865 premiscuae
1108 1781 1325 1846 multitudinis
1344 1780 1400 1867 qui
1413 1785 1515 1861 Γειῦρα

432 1882 631 1946 dicebantur.
678 1881 858 1966 Hesychius
873 1881 996 1964 Γέορεο,
1012 1885 1215 1964 resudantes.
1229 1882 1376 1962 μέτοικοι,
1391 1882 1515 1963 πάροικοι

432 1987 550 2050 Georae
563 2005 641 2070 ergo
655 1984 741 2069 apud
755 1983 932 2070 AEgyptios
945 1985 1134 2049 dicebantur
1147 1984 1292 2048 homines
1312 1985 1465 2060 extrsnei,
1476 1981 1518 2068 qui

434 2098 556 2152 terram
571 2087 734 2150 colendam
748 2094 939 2172 acceperant
951 2086 1013 2151 sub
1027 2095 1117 2152 esrts
1130 2086 1298 2172 pensione:
1321 2085 1432 2171 quales
1444 2093 1519 2149 mant

434 2190 469 2254 in
494 2191 638 2275 AEgypto
659 2188 766 2255 Judaei
792 2196 965 2273 autequam
988 2188 1150 2253 exiissent
1195 2186 1264 2251 Eos
1285 2208 1363 2252 eum
1385 2185 1520 2273 indigena

438 2291 602 2376 AEgyptiis
625 2290 803 2355 confudisse
822 2290 948 2355 ridetur
961 2291 1154 2363 Africanusr
1178 2311 1274 2375 quem
1294 2297 1406 2354 temen
1425 2288 1521 2354 refellit

438 2394 548 2458 Moses
569 2393 601 2456 in
622 2393 709 2457 dicto
730 2393 809 2457 ioco.
855 2392 1020 2477 Utrosque
1039 2414 1124 2469 vero,
1140 2399 1209 2457 tsm
1227 2392 1353 2457 soom
1375 2413 1468 2478 quam
1485 2390 1521 2453 iu-

434 2495 568 2581 digenus
586 2495 766 2580 AEgyptios,
782 2516 846 2558 uno
864 2497 1025 2574 ἐπῳίκτον
1040 2494 1166 2558 nomine
1185 2495 1429 2581 comprehendit
1447 2513 1522 2559 mers

435 2596 604 2681 Scriptura
618 2596 651 2659 in
666 2596 752 2660 dicto
767 2618 835 2680 cap.
849 2617 941 2660 versu
959 2597 1012 2681 38.
1030 2597 1079 2660 καὶ
1099 2596 1247 2674 ἐπίμονος
1269 2596 1366 2662 τολὺν
1386 2594 1522 2672 συνανέβη

434 2698 545 2774 αὐτοῖς,
561 2697 593 2761 id
608 2706 658 2762 est
673 2697 852 2783 promiscua
867 2699 973 2776 turba,
989 2698 1135 2778 συμμιγὴς
1148 2700 1233 2765 λαός.
1249 2698 1300 2781 (et
1317 2697 1416 2761 Num.
1432 2697 1471 2762 xi.
1483 2696 1521 2777 4.)

435 2799 591 2884 Origenes
611 2805 721 2863 tumen
742 2799 823 2862 iibro
844 2799 888 2863 iii.
904 2800 945 2863 de
966 2798 1138 2884 principiis,
1155 2801 1315 2878 ἐπιμίκτυν
1336 2799 1462 2863 nomine
1477 2796 1523 2861 AE·

434 2901 564 2984 gyptios
589 2901 673 2964 seles
698 2900 891 2966 intellexisse
912 2901 1050 2977 videtur,
1074 2901 1128 2986 qui
1152 2902 1301 2966 Hebraeis
1326 2882 1525 2987 pennixti'ex

436 3002 585 3088 AEgypto
605 3003 722 3088 egressi
742 3011 826 3067 sunt.
849 3004 1042 3084 σκληροσμὸν
1061 3007 1119 3084 μὲν
1140 3004 1253 3088 ἤλεγχε
1274 3003 1331 3068 τὸν
1351 3010 1407 3069 τοῦ
1420 3004 1525 3084 Φαραὶ

434 3108 486 3169 διὰ
500 3106 554 3184 τὴν
569 3108 673 3169 κακίαν
688 3106 787 3170 αὐτοῦ·
811 3107 902 3170 πειθὼ
917 3108 950 3169 δὲ
964 3106 1019 3184 τὴν
1033 3112 1092 3169 τῶν
1105 3107 1264 3185 inuiseres
1279 3108 1452 3187 Αίγνπτίον
1468 3128 1526 3169 σνν-

435 3206 664 3288 εξοομησάντον
677 3214 740 3274 τοῖς
753 3206 918 3288 Ἑβραίοις.
956 3206 1093 3270 Drusius
1107 3206 1139 3270 in
1154 3206 1207 3271 lib.
1223 3206 1254 3272 ii.
1269 3208 1312 3271 de
1327 3208 1432 3272 stibus
1446 3206 1526 3272 sert

434 3308 634 3385 Judaeorum,
650 3331 748 3394 agens
769 3309 810 3373 de
833 3309 1010 3394 proselytis,
1027 3330 1135 3372 vocem
1156 3315 1264 3390 γειῶρα
1285 3310 1458 3374 Hebrs‘icae
1478 3308 1527 3372 ori

435 3410 520 3493 ginis
545 3432 614 3474 esse
638 3411 728 3486 dicit,
754 3433 853 3495 eaque
877 3412 1046 3496 significari
1073 3411 1267 3496 proselytum
1293 3434 1350 3475 seu
1374 3413 1525 3476 sdreuam.

440 3510 529 3575 [dem
544 3512 654 3577 scribit
672 3513 863 3597 Hesychius,
879 3516 1014 3595 γείορας,
1030 3516 1165 3595 γείτονας
1183 3515 1214 3591 ἐξ
1235 3515 1333 3576 ἄλλον
1354 3514 1469 3594 γένους,
1483 3538 1526 3575 κα-

434 3612 601 3693 λουμένους
616 3618 655 3698 τῷ
669 3614 793 3694 Ἰσραὴλ
807 3623 1022 3695 sperabimus.
1046 3615 1208 3678 Vaunsrus.
1247 3617 1295 3678 At
1311 3638 1370 3699 pro
1387 3616 1527 3678 Africano

437 3715 470 3778 id
489 3715 669 3790 dicendum,
687 3716 718 3777 in
734 3716 880 3800 pericope
894 3718 998 3781 ldaudi
1012 3740 1119 3782 uocem
1135 3723 1185 3796 τῆς
1196 3723 1250 3800 γῆς
1261 3718 1302 3781 de
1315 3727 1406 3782 terra
1420 3717 1527 3782 cainan

438 3817 642 3902 interpretari
672 3817 805 3893 criticos,
833 3841 928 3902 qnam
955 3820 1082 3903 quidem
1110 3829 1231 3885 terram
1260 3842 1337 3883 mox
1366 3815 1528 3905 possessuri

438 3921 595 3985 Israelitae
615 3929 730 3985 essent.
777 3923 908 3984 Interea
920 3922 952 3984 in
973 3944 1031 3985 sua
1050 3923 1092 3984 sd
1113 3922 1194 3985 hane
1214 3923 1356 3986 Africani
1371 3923 1528 4008 epistelam

435 4023 647 4086 adnotatione
668 4023 716 4086 ait
737 4023 935 4099 Gallandius‚
951 4023 1011 4086 hac
1033 4046 1108 4086 socc
1127 4026 1240 4105 γηόραν
1259 4046 1352 4087 usum
1375 4047 1445 4088 esse
1466 4023 1528 4086 Jus-

438 4124 541 4187 tinum
567 4127 614 4189 M.
638 4125 671 4187 in
694 4124 783 4188 Diod.
805 4146 871 4187 eam
898 4126 1056 4207 Tryphon
1078 4127 1108 4207 ξ.
1131 4144 1201 4188 122.
1252 4126 1303 4188 lbi
1329 4135 1441 4190 autem
1463 4126 1528 4189 Jus-

437 4226 525 4289 tinus
539 4228 663 4307 γειῶρας
677 4236 710 4290 et
725 4229 929 4306 sperabimus
949 4227 989 4290 dc
1011 4250 1073 4290 non
1087 4227 1112 4289 J
1114 4227 1213 4290 udaeis
1227 4229 1347 4311 posuit,
1363 4228 1447 4293 sicut
1467 4224 1528 4290 feeit

438 4328 471 4390 in
489 4339 565 4393 sect.
580 4330 722 4414 proxime
737 4338 898 4412 sequente,
915 4330 968 4392 ubi
985 4338 1018 4394 ct
1033 4332 1201 4412 αὐτόχθονα
1216 4329 1237 4392 J
1238 4331 1367 4394 udaeum
1382 4331 1528 4394 hominem

436 4432 587 4515 appellat.

485 4534 521 4594 P.
536 4534 609 4615 236.
621 4532 640 4593 l.
657 4533 701 4593 16.
714 4537 773 4593 τῶν
784 4531 950 4612 ὀνομάτων]
970 4531 1024 4594 Ad
1039 4553 1146 4594 vocem
1162 4533 1318 4611 ὀνομάτων
1330 4533 1363 4594 in
1372 4527 1530 4617 evemplcri

437 4632 737 4715 steteruntmaesti.
754 4633 838 4715 quod
853 4640 963 4696 tenere
974 4632 1198 4696 bibliothecam
1208 4632 1417 4696 Bodleianam
1428 4631 1530 4716 saepias

438 4733 693 4806 commemoravi,
724 4734 873 4798 scribitur
902 4734 997 4798 istud.
1026 4743 1047 4772 “
1064 4741 1203 4818 κατεῖχον
1228 4758 1256 4799 v.
1288 4735 1321 4798 in
1352 4731 1528 4821 margine:’'

439 4837 524 4919 quod
540 4836 670 4911 indicat,
687 4836 719 4897 ni
735 4834 836 4911 fallor,
852 4843 991 4919 κατεῖχον
1006 4858 1071 4900 orae
1090 4838 1287 4922 adscriptum
1307 4837 1406 4901 inisse
1426 4834 1530 4902 codicis

438 4936 550 5020 scripti
564 4936 709 5020 alicujus.
755 4936 852 5000 Nunc
867 4944 975 5001 autem
996 4939 1072 5002 mihi
1091 4946 1228 5014 constat,
1244 4946 1277 5002 et
1293 4938 1530 5024 Scaligerumet

441 5042 645 5122 Anonymum
660 5038 701 5101 ad
718 5039 863 5122 exempla
877 5061 935 5102 sua
950 5040 1026 5102 edit.
1045 5041 1155 5125 Steph.
1172 5046 1311 5122 κατεῖχον
1326 5039 1529 5125 adscripsisse.

440 5139 512 5219 Quo
527 5148 636 5204 temen
653 5142 747 5203 verbo
763 5163 824 5203 non
841 5163 920 5225 opus
935 5141 1070 5218 videtur,
1086 5164 1158 5206 cum
1172 5142 1205 5204 in
1223 5143 1369 5207 oratione
1388 5144 1529 5227 interpre-
