3917 6467
501 1092 567 1160 298
824 1089 1069 1168 RELIQUIAE
1092 1089 1268 1153 SACRAE.

500 1244 688 1342 νουμηνίας
707 1245 846 1343 καὶτῆς
867 1241 938 1344 πρὸ
965 1242 1073 1341 αὐτῆς
1100 1240 1191 1320 κατὰ
1213 1240 1279 1340 τὴν
1304 1239 1456 1320 σύνοδον
1478 1238 1561 1338 viiic

499 1381 690 1479 ἀποβῆναι.
722 1383 798 1461 πῶς
816 1377 878 1457 οὖν
897 1376 1061 1493 ἔκλειψις
1082 1377 1265 1475 νομισθείη
1290 1373 1382 1454 κατὰ
1406 1374 1565 1476 διάμετρον

498 1510 632 1615 σχεδὸν
651 1511 881 1616 ὑπαρχούσης
898 1517 962 1613 τῆς
979 1509 1135 1612 σελήνης
1157 1511 1248 1618 ἡλίῳ
1263 1543 1274 1608 ;
1305 1510 1401 1590 ἔστω
1426 1508 1481 1608 δὴ,
1496 1543 1566 1589 συν·

499 1645 683 1750 αρπαζέτω
710 1644 792 1730 τοὺς
818 1643 980 1731 πολλοὺς
1007 1644 1049 1725 τὸ
1077 1642 1319 1747 γεγενήμενον,
1337 1647 1397 1724 καὶ
1424 1642 1467 1723 τὸ
1499 1678 1568 1723 κοο·

498 1776 604 1876 μικόν
621 1779 723 1882 τέρας
741 1780 844 1879 ἡλίου
862 1778 1021 1884 ἔκλειψις
1047 1779 1265 1858 ὖπονοείσθω
1285 1776 1325 1856 ἔκ
1348 1811 1393 1880 γε
1416 1780 1481 1874 τῆς
1503 1774 1589 1859 soris

499 1913 565 2014 τὴν
584 1914 673 2020 ὄψιν
697 1913 850 2015 πλάνης.
884 1912 1062 2024 [Φλέγων
1079 1919 1216 2016 ἱστορεῖ
1233 1914 1290 1991 ἐπὶ
1308 1912 1480 2014 Τιβερίου
1499 1911 1574 1991 Kai-

500 2082 615 2152 σαρος
631 2052 669 2130 ἐν
686 2047 904 2155 πανσελήνῳ
927 2048 1089 2153 ἔκλειψιν
1113 2047 1216 2147 ἡλίου
1238 2045 1422 2148 γεγονέναι
1446 2049 1579 2142 τελείαν,

499 2181 573 2265 ἀπὸ
601 2181 694 2288 ὥρας
718 2186 820 2285 ἕκτης
849 2184 972 2290 με’χρις
1002 2181 1158 2283 ε’ννᾶτης.
1201 2187 1312 2282 δῆλον
1342 2186 1393 2266 ὡς
1422 2180 1579 2290 omium]

500 2320 566 2402 Τίς
584 2319 624 2399 δὲ
647 2321 670 2420 ἡ
695 2320 859 2400 κοινωνία
876 2326 1041 2426 είσεισμῷ
1065 2321 1124 2398 καὶ
1147 2321 1315 2425 ἐκλείψει,
1332 2317 1480 2422 πέτραις
1502 2322 1581 2423 ῥηγ·

501 2455 673 2554 νυμέναις,
702 2458 760 2534 καὶ
790 2455 991 2534 ἀναστάσει
1021 2460 1163 2556 νεκρῶν,
1193 2453 1352 2559 τοσαύτη
1385 2489 1425 2535 τε
1462 2454 1627 2555 καύσειν

501 2595 684 2695 κοσμικῇ;
718 2592 756 2669 ἐν
774 2597 861 2691 γοῦν
878 2594 930 2695 τῷ
947 2594 1072 2696 μακρῴ
1089 2588 1207 2696 χρόνῳ
1224 2588 1384 2669 τοιοῦτόν
1397 2623 1433 2668 τι
1449 2588 1586 2688 συμβὰν

501 2726 543 2803 οὐ
561 2725 824 2825 μνημονεύεται.
854 2725 939 2803 ἀλλ’
957 2720 1004 2822 ἦν
1028 2721 1160 2807 σκότος
1184 2724 1401 2822 θεοποίητον,
1420 2722 1512 2803 διότι
1534 2721 1587 2803 τὸν

503 2858 639 2962 Κύριον
656 2860 793 2960 συνέβη
810 2864 946 2939 παθεῖν.

559 2999 631 3075 Καὶ
650 2995 762 3096 λόγος
780 2991 935 3096 αίρεῖὸτι
947 2991 1193 3093 ἑβδομήκοντα
1204 2990 1399 3091 ἐβδομιίδες
1412 3000 1461 3078 εἰς
1472 3004 1590 3075 τοῦτον

500 3137 751 3232 συναιροῦνται
768 3126 833 3207 τὸν
850 3123 991 3231 χρόνον,
1009 3129 1047 3207 ἐν
1064 3133 1116 3235 τῷ
1133 3126 1277 3226 Δανιήλ
1318 3188 1588 3213 .........
1600 3164 1607 3201 ι
1612 3158 1626 3220 5

555 3264 606 3343 ‘H
625 3261 691 3360 μὲν
708 3262 771 3341 οὖν
788 3257 963 3362 περικοπι)
981 3262 1074 3340 οὕτω
1090 3295 1168 3344 πως
1191 3260 1325 3365 ἔχουσα
1345 3278 1423 3353 (scil.
1437 3281 1590 3360 capitulum

502 3516 643 3594 temporis
663 3525 811 3573 momento
832 3524 1023 3592 preterquam
1074 3526 1158 3573 terre
1185 3526 1267 3573 motu
1291 3525 1320 3572 et
1344 3512 1445 3591 eclipsi
1471 3510 1592 3590 diruptis

502 3614 538 3653 co
556 3595 635 3672 quod
655 3595 732 3651 lune
753 3594 859 3653 veteris
878 3593 953 3652 diem
977 3594 1025 3651 ui.
1075 3594 1151 3653 saxis
1159 3605 1190 3653 et
1200 3593 1403 3653 resurrectioni
1415 3602 1592 3649 mortuorum

502 3675 607 3733 timum
636 3686 667 3733 et
694 3674 866 3732 renovanda
898 3674 1023 3752 primum
1075 3685 1221 3752 tantusque
1245 3684 1442 3732 creaturarum
1467 3671 1593 3728 omnium

502 3753 655 3831 contingit,
671 3754 701 3810 in
717 3754 780 3832 ipso
793 3753 929 3810 nimirum
950 3754 1025 3812 utri-
1075 3753 1286 3832 perturbationi
1313 3753 1456 3812 societas?
1511 3751 1633 3809 Certew

503 3853 596 3910 usqne
606 3834 716 3912 syderis
725 3853 879 3911 congressu
894 3833 1024 3912 eclipsim
1076 3833 1161 3911 longa
1188 3846 1266 3892 retro
1293 3853 1435 3892 annorum
1463 3832 1539 3890 sarie
1559 3831 1595 3888 ai·

503 3913 638 3990 ingruere
647 3914 906 3990 observemus,qua
914 3913 1026 3971 ratione
1075 3914 1144 3971 mile
1158 3914 1228 3992 quid
1243 3913 1324 3972 nulla
1344 3932 1376 3970 re
1414 3912 1507 3969 rimus
1526 3911 1595 3969 acci·

503 3993 669 4050 censebitur
692 3991 808 4070 eclipsis
828 3993 889 4051 sole
909 3993 1026 4070 opposi-
1077 3993 1153 4053 disse
1180 3994 1326 4053 memoria
1371 3933 1472 4050 fierunt
1500 3991 1595 4069 itaque

503 4083 562 4141 tam
579 4072 655 4129 lunae
672 4071 734 4130 caeii
751 4084 862 4150 partem
881 4076 1024 4131 tenente?
1077 4093 1183 4132 novum
1210 4074 1266 4133 Dei
1291 4096 1309 4131 ο
1331 4093 1366 4131 us
1389 4072 1448 4129 illua
1471 4071 1595 4130 tenebra

505 4150 580 4208 Esto
594 4163 701 4208 tamen.
720 4152 813 4230 rapiat
827 4164 894 4230 post
908 4172 938 4210 se
953 4172 1026 4229 quos
1076 4153 1140 4231 ipso
1173 4154 1273 4213 muudi
1307 4095 1437 4212 Bomino
1468 4151 1633 4230 patientet5

505 4229 594 4296 volet,
610 4242 641 4288 et
654 4231 731 4289 inter
745 4231 801 4289 ulia
814 4232 870 4290 toti
885 4232 947 4289 orbi
965 4252 1026 4290 tna.
1076 4245 1192 4293 exorto.

505 4308 611 4367 nifeats
622 4330 712 4367 unum
724 4311 779 4368 boc
789 4311 858 4369 solis
867 4311 1028 4369 deficientis
1119 4313 1312 4392 Septuaginta
1321 4333 1391 4372 vero
1403 4309 1597 4371 hebdomades

504 4408 539 4445 ex
559 4389 709 4446 oculorum
728 4389 840 4465 judicio
858 4401 1026 4469 portentum
1077 4413 1094 4450 u
1116 4393 1239 4452 Daniele
1257 4404 1430 4451 memoratas
1449 4392 1506 4450 hoc
1526 4403 1597 4450 tcm-

504 4481 691 4527 numeretur:
707 4473 782 4526 Sane
796 4469 866 4527 luna
880 4480 944 4528 toto
958 4471 1028 4528 orbe
1078 4493 1148 4551 pore
1168 4471 1362 4551 complendas,
1387 4484 1417 4531 et
1441 4472 1596 4531 terminum

505 4547 636 4605 radiante
657 4549 693 4605 sb
714 4549 784 4605 hora
805 4549 863 4608 diei
885 4551 914 4607 6.
935 4549 972 4607 ud
996 4570 1026 4625 9.
1078 4554 1208 4631 attigisse
1221 4553 1295 4612 rstio
1309 4553 1458 4611 convincit
1604 4567 1637 4623 30

505 4645 598 4703 usque
625 4628 767 4705 integram
795 4630 864 4688 solis
896 4628 1026 4707 eclipsim
1081 4673 1593 4692 .....................................

504 4706 621 4764 Tiberio
642 4707 755 4766 Caesare
775 4709 814 4766 im
855 4721 937 4767 rante
958 4729 1027 4766 con·
1551 4763 1558 4776 ,

505 4785 605 4862 pigisse
640 4797 738 4845 namt
773 4788 819 4845 ph
831 4808 922 4866 egon:
963 4808 1026 4846 eam
1111 4763 1266 4838 Interprete
1280 4762 1392 4819 Donato
1411 4762 1566 4819 Veronensi.

505 4865 608 4942 utique
621 4865 658 4923 de
671 4887 729 4944 qus
743 4869 826 4925 nobis
840 4888 943 4926 sermo.
966 4867 1028 4927 Vc.
1120 4869 1187 4946 lpsa
1201 4868 1318 4945 quidem
1330 4867 1483 4946 particula,
1495 4865 1595 4944 inquit.

505 4945 719 5005 rumenimvero
733 4967 798 5023 quae
810 4958 891 5006 tanta
902 4960 947 5006 est
961 4968 1027 5007 cum
1078 4967 1143 5024 quoe
1157 4948 1219 5006 fere
1232 4948 1275 5006 sic
1288 4968 1319 5006 sa
1334 4949 1431 5014 habet,
1447 4959 1510 5006 tum
1525 4944 1596 5004 mui-

912 5137 926 5174 τ
944 5126 1193 5188 bist-xxvi.51,45.
