3917 6467
670 1090 892 1166 ΑΕΒῙΟΑΝῙ
915 1091 1186 1158 OHRONIOON.
1410 1092 1474 1161 293

378 1249 550 1351 Ἡρώδην
581 1250 792 1330 άπέιττειλεν
824 1255 872 1335 εἱς
899 1252 1043 1351 Ῥώμην
1073 1250 1162 1330 κατὰ
1190 1251 1254 1330 τὸν
1284 1247 1474 1345 Σεβαστὸν

378 1382 600 1479 Ὀκταούίον,
629 1381 669 1467 δς
700 1382 759 1463 διά
789 1418 827 1464 τε
858 1382 921 1464 τὸν
948 1386 1187 1486 Ἀντίπατρον
1219 1383 1282 1463 τὸν
1307 1383 1475 1486 Ἡρώδου

378 1516 527 1617 πατέρα,
546 1520 605 1595 καὶ
623 1518 665 1596 δι’
685 1516 793 1596 αὐτὸν
810 1517 990 1619 Ἡρώδην,
1010 1518 1067 1596 διά
1092 1552 1130 1597 τε
1155 1518 1196 1597 τό
1223 1518 1291 1599 ὑπὸ
1317 1518 1475 1621 Πάρθων

379 1651 629 1729 καθίστασθαι
647 1648 710 1729 τὸν
731 1651 940 1753 Ἀντίγονον
957 1653 1126 1749 βασιλέα,
1143 1653 1324 1732 ἐπέστειλε
1343 1660 1415 1736 τοῖς
1438 1656 1476 1733 ἐν

349 1784 614 1887 5Παλαιστίνη
633 1787 691 1861 καὶ
716 1785 828 1889 Συρίᾳ
851 1792 1081 1886 στρατηγοῖς,
1101 1785 1267 1887 κατάγειν
1292 1786 1400 1865 αι’πὸν
1418 1789 1475 1867 ἐπὶ

379 1914 447 2013 τὴν
465 1915 593 2020 ἀρχήν.
624 1922 682 1995 καὶ
700 1916 774 2011 ἅμα
793 1920 923 2025 Σωσίῳ
942 1919 1139 2016 διεπολέμει
1157 1918 1248 2021 πρδς
1270 1917 1333 1999 τὸν
1350 1922 1471 1999 Ἀντί·

379 2081 490 2148 γονον
516 2046 635 2155 χρόνῳ
661 2057 806 2156 πολλῷ,
837 2055 895 2129 καὶ
921 2053 1103 2133 παντοίαις
1134 2050 1276 2154 μάχαις.
1305 2050 1385 2130 τότε
1418 2054 1476 2130 καὶ

381 2183 589 2282 Ἰώσηππος
617 2183 775 2290 ἀδελφός
803 2187 971 2288 Ἡρώδου
1000 2186 1218 2286 ἀποθνήσκει
1248 2194 1473 2289 στρατηγῶν.

379 2318 548 2419 Ἡρώδου
566 2316 602 2396 δὲ
618 2317 708 2420 πρὸς
726 2320 917 2399 Ἀντώνιον
935 2321 1102 2402 ἐλθόντος
1132 2381 1471 2400 ...................

331 2474 371 2513 10
387 2510 1472 2535 ···························································

380 2587 464 2687 τρία
481 2586 543 2684 ἔτη
561 2584 624 2666 τόν
636 2588 843 2689 Ἀντίγονον
861 2588 1167 2693 ἐξεπολιόρκησαν
1185 2592 1242 2667 καὶ
1261 2589 1374 2690 ζῶντα
1391 2593 1478 2670 ἀπε-

381 2720 539 2818 κόμισαν
571 2724 761 2829 Ἀντωνίῳ.
833 2721 1023 2804 Ἀντώνιος
1060 2722 1096 2801 δὲ
1125 2720 1293 2823 Ἡρώδην
1324 2724 1389 2821 μὲν
1420 2727 1477 2803 καὶ

381 2853 489 2939 αὐτὸς
507 2856 745 2957 ἀνηγόρευσεν
763 2858 930 2949 βασιλέα·
958 2856 1159 2958 προσέθηκε
1179 2856 1216 2934 δὲ
1238 2859 1334 2963 αὐτῷ
1355 2857 1478 2942 πόλεις

375 2990 523 3087 Ἵππον,
551 2989 707 3092 Γάδαρα,
736 2990 863 3092 Γάζαν,
893 2989 1054 3088 Ἰόππην,
1083 2988 1294 3087 Ἀνθηδόνα·
1329 2995 1387 3069 καὶ
1414 2995 1479 3089 τῆς

335 3145 370 3201 ¹5
382 3125 569 3225 Ἀραβίας,
588 3121 651 3203 τόν
673 3158 710 3203 τε
730 3122 918 3227 Τράχωνα,
937 3126 994 3201 καὶ
1018 3120 1083 3220 τὴν
1104 3124 1304 3223 Αὐρανῖτιν,
1323 3127 1380 3202 καὶ
1400 3130 1475 3204 Σα-

385 3259 476 3355 κίαν,
495 3261 553 3337 καὶ
573 3259 774 3358 Γαυλάνην·
795 3256 885 3357 πρὸς
904 3257 950 3354 δὲ,
966 3261 1024 3335 καὶ
1041 3261 1103 3355 τῆς
1123 3258 1252 3359 Συρίας
1270 3259 1475 3359 ἐπιτροπήν.

383 3389 551 3491 Ἡρώδης
579 3387 648 3470 όπδ
675 3394 738 3487 τῆς
765 3387 974 3488 συγκλήτου
1001 3392 1059 3466 καὶ
1078 3387 1289 3467 Ὀκταουΐου
1316 3397 1380 3467 τοῦ
1408 3394 1475 3468 Σε-

384 3532 528 3617 βαστοῦ
545 3524 719 3619 βασιλεὺς
729 3524 909 3603 Ἰουδαίων
922 3523 1151 3624 ἀνηγορεύθη,
1169 3527 1228 3601 καὶ
1242 3525 1480 3616 ἐβασίλευσεν

384 3659 445 3758 ἔτη
473 3657 527 3737 λδ
529 3720 539 3740 .
596 3659 784 3741 Ἀντώνιος
811 3662 868 3738 ἐπὶ
898 3659 1064 3761 Πάρθους
1097 3658 1301 3761 στρατεύειν
1330 3660 1480 3755 με’λλων

336 3904 375 3943 20
385 3883 464 3941 rodis
478 3883 570 3962 ipsius
583 3904 703 3949 memor,
718 3893 748 3941 et
765 3883 843 3959 quod
858 3883 907 3941 de·
959 3893 1174 3961 protraxerunt,
1196 3894 1226 3940 et
1254 3882 1290 3939 ad
1317 3883 1479 3941 Antonium

386 3964 475 4040 nique
490 3963 664 4020 Parthorum
683 3963 769 4020 armis
787 3983 907 4039 regnum
959 3964 1075 4021 demum
1101 3962 1247 4020 deduxere
1272 3962 1386 4020 vivum:
1418 3965 1479 4019 An-

385 4042 531 4101 obtineret
559 4043 737 4118 Antigonus,
767 4043 842 4100 datia
872 4043 909 4100 ad
959 4043 1057 4100 tonius
1068 4043 1129 4120 ipae
1142 4042 1287 4100 Herodem
1299 4042 1480 4101 renunciavit

386 4122 480 4200 Syriae
501 4120 720 4197 Palaestinaeque
743 4123 839 4179 Duces
859 4122 908 4179 lit·
959 4142 1066 4199 regem,
1091 4142 1124 4180 ac
1153 4124 1270 4199 insuper
1298 4122 1384 4179 urbes
1411 4121 1481 4180 alias

386 4202 459 4261 teria
472 4213 506 4260 ut
521 4201 667 4259 Herodem
681 4201 711 4258 in
726 4221 846 4279 regnum
864 4222 910 4260 re·
959 4201 1160 4277 gubernandas
1191 4200 1377 4258 demandavit
1405 4201 1480 4279 Hip-

338 4302 374 4359 25
387 4291 508 4360 ponam,
522 4281 651 4340 mandat.
695 4282 811 4339 Exinde
825 4281 910 4339 Sosio
959 4301 1039 4357 pum,
1066 4279 1190 4347 Gadara,
1213 4279 1334 4348 Gazam,
1358 4281 1481 4358 loppen,

383 4362 507 4438 junctos
530 4360 672 4427 Herodes,
695 4361 780 4418 variis
804 4360 911 4438 praeliis
960 4360 1173 4427 Anthedonem,
1187 4359 1343 4418 etArabioe
1357 4371 1481 4435 partem,

387 4459 422 4498 ac
447 4459 506 4498 non
530 4440 637 4517 exiguo
659 4441 797 4518 temporie
821 4440 911 4498 inter·
960 4439 1170 4508 Trachonitim‚
1185 4450 1215 4497 et
1234 4438 1412 4504 Auranitim,
1428 4439 1482 4497 Sa-

388 4518 475 4585 vallo,
489 4539 556 4577 cum
578 4521 726 4597 Antigono
748 4520 834 4577 armis
858 4519 908 4577 de·
960 4520 1043 4583 ciam,
1071 4530 1102 4577 et
1132 4518 1303 4583 Gaulanem,
1333 4519 1482 4597 ipsamque

387 4599 527 4657 certabat.
581 4599 638 4657 Per
662 4600 692 4657 id
718 4611 832 4674 tempus
856 4599 910 4655 Jo.
961 4609 1107 4677 postremo
1135 4598 1248 4675 Syriam
1272 4597 1481 4674 procurandam

338 4702 378 4758 30
388 4678 497 4756 acphuc
521 4679 647 4737 Herodis
671 4679 761 4737 frater
784 4699 861 4736 unua
895 4699 911 4736 e
960 4678 1113 4736 commisit.
1156 4677 1288 4735 Herodes
1301 4698 1317 4734 a
1331 4688 1434 4735 senatu
1451 4689 1482 4735 et

388 4757 536 4835 copiarum
547 4757 716 4816 ductoribus
726 4758 872 4815 occumbit
880 4758 911 4814 in
961 4757 1085 4814 Octavio
1099 4759 1234 4834 Augusto
1248 4777 1300 4814 rex
1321 4756 1483 4814 declaratus

389 4835 498 4914 pralio.
543 4837 660 4896 Herode
684 4838 721 4895 ad
746 4837 909 4895 Antonium
961 4837 1044 4894 annis
1061 4837 1182 4914 triginta
1199 4847 1323 4913 quatuor
1341 4837 1482 4912 regnavit.

389 4916 522 4993 profecto
532 4962 896 4977 ...................
961 4916 1107 4974 Antonius
1121 4918 1150 4973 in
1163 4916 1286 4973 Parthos
1297 4914 1483 4993 expeditione

391 5039 900 5057 ..........................
961 5008 1103 5072 suscepta,
1118 4996 1288 5053 Judaeorum
1311 5014 1405 5071 regem
1421 4996 1481 5051 An·

339 5093 376 5150 35
392 5121 540 5137 ........
552 5097 643 5134 annoa
658 5090 715 5134 tres
732 5076 910 5135 obsidionem
962 5076 1094 5152 tigonum
1120 5075 1276 5142 interfecit,
1295 5085 1324 5131 ot
1346 5073 1482 5131 Arabiam
