3917 6467
425 1092 491 1154 ⁶200
804 1084 1157 1154 ANNOTATIONES

425 1259 927 1345 servati‚quomod0aSealigero
938 1258 1236 1324 allataestinlibro
1249 1256 1404 1322 leidensi.
1433 1257 1501 1321 Nunc

426 1362 589 1427 Burtonus
603 1362 652 1426 ait
666 1369 789 1425 ceteros
805 1361 929 1425 codices
944 1360 1115 1428 ἀντιθέτους
1128 1361 1256 1425 habere.

471 1463 510 1525 P.
530 1463 638 1541 1841.
659 1482 705 1543 ¹4·
720 1467 773 1526 τοῦ
786 1461 947 1549 Ὀτρηνοῦ]
967 1462 1054 1527 Male
1073 1463 1159 1548 apud
1178 1461 1396 1547 Nicephorum
1415 1459 1508 1546 legitur

426 1567 603 1645 Ὀστρηυοΰ.
644 1564 896 1649 Distinguendus
910 1573 1020 1629 autem
1034 1565 1160 1630 videtur
1172 1565 1224 1629 hic
1239 1565 1373 1630 Zoticus
1381 1564 1512 1638 Otrenns,

427 1689 447 1730 a
462 1668 576 1731 Zotico
591 1667 780 1732 Oomanensi
796 1667 953 1753 episcopo,
968 1667 1058 1752 cujus
1072 1668 1156 1732 infra
1172 1668 1319 1733 meminit
1337 1666 1390 1731 hic
1409 1675 1513 1732 auctor.

429 1768 512 1832 Nam
535 1769 740 1833 Gomanensis
760 1769 811 1832 ille
834 1769 996 1854 antiquior
1015 1770 1085 1834 fuit.
1110 1769 1274 1850 Vsnmrns
1319 1768 1444 1834 Gontra
1462 1789 1516 1832 can·

427 1881 537 1935 suerat
559 1870 716 1934 Batonius
745 1871 777 1932 in
804 1869 989 1945 Annalibus,
1014 1871 1139 1934 eosdem
1163 1870 1260 1935 fuisse
1285 1870 1345 1935 hos
1370 1869 1520 1946 homines3

427 1973 576 2036 Zoticum
606 1972 788 2057 episcopum
818 1971 850 2033 in
876 1972 1032 2035 Armenia
1060 1993 1100 2036 ex
1128 1971 1363 2057 Martymlogio
1390 1971 1521 2036 Romam

428 2075 584 2148 afferens3
618 2084 652 2138 et
675 2074 859 2138 hallucinari
883 2073 950 2138 vnit
978 2073 1201 2158 Nicephorum,
1227 2074 1281 2159 qui
1307 2095 1383 2138 eum
1407 2074 1523 2159 presby·

429 2187 534 2242 terum
554 2199 618 2241 non
641 2177 822 2262 episcopum
847 2176 1002 2252 nominat,
1017 2175 1093 2259 quin
1113 2182 1227 2240 auctor
1243 2176 1329 2240 inira
1350 2176 1524 2261 episcopum

428 2302 501 2345 eum
517 2279 595 2344 dicit
610 2302 651 2343 ex
665 2279 734 2343 vico
749 2279 890 2343 Oomana
904 2279 1080 2341 oriundum.
1120 2279 1202 2342 Haec
1213 2279 1254 2341 ad
1266 2300 1318 2342 an.
1329 2279 1454 2344 Christi
1463 2296 1525 2363 205

430 2383 598 2459 Bai-onius,
616 2405 646 2466 p.
669 2401 745 2466 329.
766 2382 815 2444 ed.
835 2383 992 2465 Antverp.
1043 2380 1106 2444 Sed
1130 2381 1278 2445 Zoticum
1302 2381 1464 2445 Otrennm
1482 2380 1526 2443 hie

429 2491 648 2560 memoratum,
665 2484 718 2568 qui
742 2484 821 2547 satis
845 2491 956 2568 aperte
980 2482 1131 2567 distingui
1149 2483 1275 2548 videtur
1296 2505 1319 2547 a
1343 2484 1460 2549 Zotico
1480 2482 1527 2547 illo

430 2587 583 2663 Uomano,
593 2586 762 2671 episcopali
775 2586 894 2649 honore
905 2585 992 2649 haud
1007 2585 1161 2649 donatum
1172 2585 1268 2650 fuisse
1279 2585 1380 2650 etiam
1393 2608 1434 2650 ex
1445 2606 1528 2650 rosa·

430 2690 505 2753 bulo
525 2697 741 2773 constatque
762 2687 903 2772 appellat
929 2709 1001 2750 eum
1024 2688 1212 2772 Anonymus
1237 2688 1288 2752 hic
1313 2687 1479 2773 Scriptor;
1499 2691 1529 2751 st

430 2791 567 2854 dicerem
589 2789 769 2874 Nicephoro
789 2790 821 2851 in
844 2811 940 2854 causa
961 2789 1057 2853 fuisse
1077 2811 1185 2853 vocem
1206 2792 1482 2872 σνμπρεσβῦτερος,
1496 2794 1529 2852 nt

431 2914 502 2955 eum
517 2890 723 2976 presbyterum
743 2899 830 2955 reete
856 2892 1044 2955 nominaret.
1089 2893 1171 2955 Post
1187 2890 1250 2955 vidi
1272 2891 1483 2956 Pearsonium
1500 2890 1530 2953 in

437 2994 554 3057 Vindio.
576 2995 734 3078 Ipectisn.
751 3001 833 3078 part.
849 2993 881 3057 ii.
897 3015 965 3078 cap.
986 3013 1034 3078 13.
1050 2993 1104 3057 ubi
1127 3017 1185 3078 pro
1207 2993 1435 3080 distinguendo
1456 2994 1530 3057 dnos

432 3094 517 3158 inter
530 3117 564 3158 se
583 3095 712 3159 Zoticos
728 3094 849 3158 Dallaeo
863 3097 1051 3160 adversatus
1065 3095 1143 3180 agit,
1156 3102 1312 3181 praeterea
1326 3102 1531 3173 statuentem,

358 3242 362 3250 .
433 3195 515 3258 huno
531 3195 634 3280 ipsum
643 3197 846 3281 Anonymum
858 3196 1045 3281 scriptorem
1056 3198 1275 3282 presbyterum
1287 3203 1419 3261 tantum
1429 3197 1529 3273 trima,

433 3297 508 3380 quia
523 3297 636 3374 nullus,
652 3320 690 3361 ea
705 3299 881 3382 praesertim
897 3306 1007 3376 aetate,
1021 3298 1186 3384 episcopus
1199 3298 1368 3364 historiam
1382 3298 1433 3363 sui
1452 3307 1529 3365 tem·

434 3402 528 3483 poris,
545 3407 578 3464 et
592 3422 643 3464 res
660 3402 701 3464 ab
722 3401 790 3485 ipso
809 3408 928 3486 gestas,
943 3423 1133 3478 memorans,
1147 3401 1244 3465 alium
1261 3402 1434 3487 episcopum
1452 3424 1531 3466 eom-

433 3504 653 3588 presbyterum
674 3505 876 3588 appellasset.
924 3505 1074 3570 Forsitan
1088 3505 1283 3569 verissimum
1302 3505 1365 3569 hoe
1384 3512 1455 3579 est;
1479 3506 1531 3570 sed

434 3615 542 3670 tumen
564 3606 660 3690 ipsius
684 3607 843 3691 Anonymi
866 3608 1106 3692 presbyteratus
1128 3608 1200 3671 inde
1226 3629 1290 3670 non
1314 3608 1482 3693 probatur,
1501 3607 1532 3670 id

434 3729 508 3770 vero
524 3714 662 3785 tantum,
674 3709 820 3772 Zoticum
836 3710 961 3793 quidem
974 3710 1130 3774 Otrenum
1144 3708 1229 3772 haud
1241 3708 1426 3794 episcopum
1441 3710 1532 3774 fluisse

434 3809 490 3872 sed
506 3809 745 3893 presbyterum
762 3811 806 3873 nil
817 3810 900 3874 enim
915 3811 1065 3874 usitatius
1080 3817 1139 3888 est,
1148 3809 1196 3873 vel
1211 3809 1442 3894 posterioribus
1455 3818 1532 3875 tern-

435 3912 565 3996 poribus
579 3913 665 3995 apud
680 3919 813 3988 veteres,
823 3934 918 3995 quam
933 3921 970 3976 ut
985 3911 1122 3995 episcopi
1133 3909 1217 3974 viros
1231 3909 1263 3973 in
1278 3911 1418 3975 secundo
1433 3933 1533 3976 saeer-

435 4014 515 4077 dotii
538 4014 647 4077 ordine
669 4013 860 4078 constitutos
884 4014 1157 4098 compresbyteros
1181 4034 1254 4076 snos
1268 4019 1430 4077 vocarent.
1476 4012 1533 4076 Ait

435 4115 561 4202 quidem
586 4137 800 4200 saepenumero
826 4116 874 4179 vir
902 4137 1054 4193 summus,
1080 4116 1298 4200 presbyterum
1326 4137 1395 4180 sese
1422 4136 1533 4181 vocam

436 4219 651 4301 Anonymum‚
666 4218 721 4280 sed
736 4217 787 4281 ille
802 4238 958 4302 nusquam
973 4217 1006 4281 id
1021 4217 1131 4281 secisse
1145 4217 1263 4281 censeri
1274 4217 1465 4302 potest,nisi
1474 4217 1532 4281 hoe

435 4317 505 4402 ipso
524 4318 604 4394 loco,
622 4340 685 4401 quo
706 4319 851 4382 Zoticum
871 4320 1161 4404 compresbyterum
1181 4340 1272 4382 suum
1291 4318 1445 4404 appellat.
1489 4317 1532 4382 Et-

436 4443 496 4497 res‚
513 4442 592 4504 quas
613 4442 646 4483 se
668 4420 768 4504 egisse
789 4428 928 4484 testatur
942 4420 996 4483 illo
1017 4427 1161 4505 tempore
1176 4422 1365 4504 Anonymus
1385 4419 1531 4505 scriptor,

436 4545 507 4586 cum
537 4544 666 4586 munere
695 4522 863 4607 episcoszi
892 4544 963 4586 mea
990 4522 1116 4606 quidem
1144 4522 1303 4586 sententia
1330 4522 1434 4608 magis
1462 4542 1532 4587 con·

435 4625 575 4689 veniunt.
621 4623 790 4708 Origenem
816 4625 941 4708 quidem
967 4632 1081 4689 contra
1105 4624 1271 4689 haereticos
1295 4625 1382 4710 apud
1407 4624 1533 4690 Ambe·

436 4726 549 4790 similia
564 4725 673 4789 fecisse
688 4725 805 4803 ierunt,
816 4728 872 4790 sed
890 4727 932 4790 ab
947 4728 1101 4812 episcopis
1115 4734 1279 4805 vocatum;
1302 4725 1421 4792 Euseb.
1437 4727 1482 4792 H.
1493 4727 1532 4792 Ε.

436 4829 476 4892 vi.
492 4845 543 4912 37.
562 4848 696 4910 quocum
714 4829 857 4893 conferas
872 4830 1003 4914 Niceph.
1019 4831 1062 4894 H.
1075 4831 1115 4894 Ε.
1131 4852 1160 4893 v.
1178 4849 1227 4916 23.
1272 4829 1423 4895 Ceterum
1443 4827 1533 4895 Otre-

436 4950 507 5003 nen,
522 4948 544 4990 a
557 4948 621 5012 qua
635 4927 764 4992 Zoticus
778 4930 966 5014 appellatus,
983 4932 1015 4993 in
1031 4930 1172 5015 Phrygia
1191 4930 1331 4995 Salutari
1350 4931 1448 4996 sitam
1467 4951 1533 4995 esse

436 5031 558 5094 monuit
574 5032 773 5095 Pearsonius.

480 5134 560 5198 Ibid.
576 5135 597 5198 l.
618 5153 665 5221 15.
681 5135 753 5222 μὲν]
779 5137 914 5201 Addunt
938 5135 1039 5200 αὐτόθι
1057 5134 1224 5220 Obsistepk.
1243 5137 1337 5202 Lecti.
1359 5143 1394 5201 et
1414 5135 1545 5220 Inep·-
