3917 6467
684 1378 917 1462 SANCTI
947 1377 1347 1477 ALEXANDRI,

548 1596 912 1675 HIEROSOLYMAE,
935 1597 1057 1663 TUNO
1080 1597 1231 1679 AELIAE,
1255 1596 1475 1676 EPISOOPI,

515 1780 584 1839 QUI
604 1783 630 1836 A
647 1782 776 1838 TERTII
795 1781 945 1837 SAECULI
965 1781 1099 1837 lNITIlS
1118 1782 1249 1842 USQUE
1266 1783 1320 1838 AD
1340 1783 1500 1838 MEDIUM

813 1875 1009 1932 SAECULUM
1035 1877 1208 1942 aeonum,

801 2048 1219 2119 FRAGMENTA.

860 2241 1154 2289 *-

991 2409 1032 2449 ax

675 2495 888 2556 EPISTOLA
909 2497 969 2556 AD
992 2493 1339 2557 ANTIOCHENSES.

462 2603 827 2722 ΑΛΕΞΑΝΔΡΟΣ
846 2644 974 2723 δοῦλος
993 2644 1051 2720 καὶ
1073 2641 1218 2741 δέσμιος
1235 2643 1359 2741 Ἰησοῦ
1380 2646 1557 2743 Χριστοῦ,

459 2779 499 2876 τῇ
534 2775 694 2879 μακαρίᾳ
726 2775 940 2879 Ἀντιοχέων
975 2778 1151 2883 ἐκκλησίᾳ
1187 2778 1225 2856 έν
1259 2777 1380 2884 Κυρίιρ
1410 2777 1556 2879 χαίρειν.

415 2905 599 3013 ιοέλσφρά
615 2942 678 3007 μοι
696 2911 755 2987 καὶ
773 2915 892 3015 κοῦφα
909 2910 956 2989 τὰ
973 2909 1092 3009 δεσμὰ
1110 2912 1130 2989 ὁ
1150 2908 1282 3013 Κύριος
1300 2911 1446 3009 ἐποίησε
1464 2909 1555 2990 κατὰ

456 3039 515 3122 τὸν
534 3041 658 3145 καιρὸν
675 3046 739 3141 τῆς
758 3047 903 3145 εἱρκτῆς,
922 3044 1112 3152 πυθομένῳ
1140 3050 1204 3143 τῆς
1229 3046 1333 3146 ἁγίας
1358 3047 1456 3144 ὑμῶν
1481 3052 1555 3124 τῶν

455 3176 667 3282 Ἀντιοχέων
694 3179 889 3278 ἐκκλησίας
916 3178 1007 3259 κατὰ
1035 3177 1102 3278 τὴν
1132 3177 1229 3257 θείαν
1260 3176 1430 3279 πρόνοιαν
1454 3178 1549 3255 Ἀσ-

455 3311 656 3411 κλιρτιιίδην
686 3311 750 3392 τὸν
782 3312 1065 3414 ἐπιτηδειότατον
1095 3315 1170 3394 κατ’
1192 3312 1300 3419 ἀξίαν
1331 3310 1398 3410 τὴν
1429 3313 1555 3391 πίστιν

454 3452 515 3546 τῆς
546 3450 745 3547 ἐπισκοπῆς
776 3449 854 3547 (τῆς
887 3451 1053 3547 πίστεως,
1076 3448 1142 3549 τὴν
1171 3447 1372 3547 ἐπισκοπὴν
1404 3456 1551 3554 Nioeph.)

418 3614 446 3675 15
454 3582 767 3685 ε’γκεχειρισμένον.
827 3600 901 3659 Hac
914 3602 1000 3661 affert
1014 3602 1159 3660 Eusebius
1172 3600 1222 3658 lib.
1238 3600 1278 3659 vi.
1290 3599 1369 3658 Hist.
1384 3620 1446 3678 cap.
1467 3621 1511 3659 11.

491 3790 662 3849 Alexander
670 3811 770 3850 servus
780 3792 847 3863 Dei,
856 3804 887 3852 et
896 3793 974 3851 vine·
1026 3812 1098 3850 meae
1109 3802 1167 3850 tem
1209 3809 1249 3854 re,
1261 3799 1412 3867 postquam
1424 3790 1551 3867 comperi

453 3882 499 3929 tut
512 3871 587 3930 Jeau
598 3871 719 3938 Christi,
729 3874 900 3931 beatissima
911 3875 975 3931 Aa·
1027 3812 1230 3950 Asclepiaiim
1248 3869 1341 3926 virum
1361 3868 1426 3926 fidei
1446 3870 1552 3927 merito

453 3952 642 4010 tiochenaium
658 3952 785 4010 eeclesia
802 3953 831 4010 in
848 3954 976 4011 Domino
1027 3952 1152 4010 maxime
1189 3951 1336 4018 idoneum,
1365 3948 1551 4007 sanctissimae

452 4031 583 4090 mlutem.
610 4031 759 4109 Expedita
772 4034 842 4090 mihi
858 4054 890 4091 ac
901 4033 976 4091 levia
1026 4032 1153 4091 ecelesiae
1168 4041 1270 4090 veatrae
1287 4029 1484 4107 episcopatum
1504 4028 1549 4086 di·

417 4111 566 4173 avincula
595 4112 677 4170 Deus
707 4112 804 4171 effecit
836 4113 975 4172 custodiae
1026 4113 1094 4170 vina
1107 4109 1290 4191 providentia
1304 4108 1473 4188 suscepisse.

814 4336 1176 4375 ——4—

781 4496 952 4583 ΝΜ
965 4496 1095 4580 W
1110 4497 1214 4581 W·

500 4638 627 4712 Ταῦτα
659 4633 698 4713 δέ
725 4637 816 4732 ὑμῖν,
840 4633 955 4736 κύριοί
983 4667 1053 4733 μου
1082 4634 1249 4738 ἀδελφοὶ,
1274 4632 1320 4712 τὰ
1352 4631 1547 4735 γράμματα

446 4769 649 4871 ἆτεστειλο,
671 4766 729 4847 διὰ
759 4767 970 4869 Κλήμεντος
996 4776 1061 4847 τοῦ
1088 4765 1261 4868 μακαρίου
1288 4768 1545 4869 πρεσβυτέρου,

486 4978 580 5035 Porro
601 4978 653 5035 has
672 4976 781 5043 literas,
799 4986 895 5056 inquit,
916 4977 969 5034 do·
1021 4976 1155 5055 byterum
1171 4975 1351 5033 Clementem
1369 4974 1471 5033 advos
1490 4976 1543 5031 mi·

407 5082 433 5142 ²⁵
445 5058 515 5115 mini
540 5057 648 5115 fratrea
672 5077 725 5134 per
749 5057 865 5115 beatum
891 5078 970 5135 prea-
1021 5057 1055 5120 ai,
1082 5056 1174 5113 virum
1198 5055 1305 5114 virtute
1332 5054 1486 5130 praditum
1514 5066 1545 5113 et
