3917 6467
443 1088 511 1156 aaa
767 1085 1018 1168 nummum
1044 1082 1222 1148 sucum.

446 1257 599 1345 βαστοῦ,
617 1245 827 1349 συγκλήτου
846 1246 1000 1349 δύγματι
1018 1252 1090 1326 τῶν
1102 1244 1285 1325 Ἰουδαίων
1301 1243 1429 1346 ἐκρίθη
1443 1249 1540 1339 βασι·

450 1382 577 1464 λεύειν·
610 1383 651 1461 οὗ
669 1382 981 1485 παῖδες,Ἡρῶδης
1000 1382 1036 1461 οἵ
1051 1383 1080 1460 τ’
1097 1381 1206 1460 ἄλλοι
1220 1376 1423 1482 τετράρχαι.
1442 1385 1552 1458 ταῦτα

450 1516 516 1618 μὲν
534 1516 578 1617 δὴ
597 1516 697 1597 κοινὰ
713 1521 772 1597 καὶ
789 1523 866 1601 ταῖς
884 1514 1077 1618 Ἑλλήνων
1102 1516 1285 1618 ἱστορίαις.
1313 1511 1563 1616 &cyprin-ror

451 1650 490 1733 δὲ
509 1659 558 1737 εἰς
582 1650 662 1731 τύτε
686 1654 724 1731 ἐν
750 1657 824 1735 τοῖς
847 1653 1000 1756 ἀρχείοις
1023 1650 1136 1731 ὄντων
1160 1647 1322 1750 (πάντων
1344 1658 1458 1757 Rufio.)
1486 1654 1562 1729 τῶν

450 1789 656 1891 Ἑβραϊκῶν
691 1794 815 1889 γενῶν,
853 1790 912 1865 καὶ
948 1794 1021 1867 τῶν
1062 1786 1146 1890 οἴχρι
1181 1784 1429 1888 προσηλύτων
1466 1787 1553 1864 ἀνα·
1618 1805 1630 1864 5

451 1923 666 2031 φερομένων,
692 1926 741 2006 ῶς
762 1920 897 2025 Ἀχιῶρ
926 1930 991 2001 τοῦ
1017 1922 1250 2021 Ἀμμανίτου,
1276 1924 1335 2001 καὶ
1359 1919 1473 2001 Ῥούθ
1496 1924 1586 2020 τῆς-

451 2057 694 2152 Μωαβίτιδος,
712 2062 785 2135 τῶν
803 2089 840 2133 τε
864 2058 924 2136 ἀπ’
946 2055 1131 2158 Αἰγύπτου
1156 2056 1456 2136 συνεκπεσύισων
1478 2057 1555 2135 ἑπι-

452 2193 597 2291 μίιιτων,
626 2194 646 2270 ὁ
670 2189 837 2292 Ἡρώδης
865 2190 966 2269 οὐδέν
993 2224 1029 2269 τι
1055 2191 1362 2289 συμβαλλομένου
1390 2198 1457 2269 τοῦ
1488 2196 1637 2273 τῶν-

453 2330 692 2431 Ἰσραηλιτῶν
724 2327 847 2427 γένους
872 2325 986 2433 αὑτῶ,ι
1004 2330 1061 2407 καὶ
1089 2332 1140 2434 τῶ
1166 2324 1343 2429 συνειδότι
1370 2331 1436 2425 τῆς
1464 2332 1555 2406 δυσ·
1589 2365 1641 2379 -

455 2463 590 2562 γενείας
623 2460 844 2562 κρουόμενος,
874 2462 1068 2565 ἐνέπρησεν
1099 2463 1216 2541 αὐτῶν
1247 2460 1312 2545 τὰς
1344 2459 1650 2566 αναγραφιὶςς
1658 2484 1675 2524 1‘

455 2603 529 2677 τῶν
560 2604 685 2699 γενῶν·
730 2597 887 2696 οἰόμενος
920 2597 1062 2700 εὐγενὴς
1089 2600 1360 2703 ἁναφονεῐσθαι,
1390 2605 1443 2704 τῷ
1471 2584 1655 2696 pub&

457 2733 575 2813 ἄλλον
593 2732 684 2837 ἔχειν
709 2737 748 2812 ἐκ
773 2736 947 2832 δημοσίου
978 2736 1197 2837 συγγραφῆς
1220 2730 1263 2810 τὸ
1287 2732 1390 2834 γένος
1416 2732 1658 2835 ἀνάγειν-..ν

457 2871 514 2950 ἐπὶ
538 2867 620 2952 τοὺς
650 2865 925 2972 πατριάρχας,ἣ
957 2866 1220 2970 προσηλύτους,
1242 2865 1324 2951 τούς
1352 2900 1393 2947 τε
1422 2881 1657 2948 καλου-

456 3004 582 3103 μένους
618 3003 773 3106 Γειῶρας
805 3000 887 3087 τοὺς
920 3005 1132 3101 ἐπιμίκτονς.
1162 3004 1281 3105 ὀλίγοι
1306 3001 1351 3102 δὴ
1378 3009 1452 3082 τῶν
1480 3004 1556 3083 ἐπι·
1578 3034 1655 3057 -··

457 3146 588 3242 μελῶν,
608 3138 784 3222 ἰδιωτικὸς
801 3142 936 3223 ἑαυτοῖς
959 3136 1227 3246 ἁπογραφὰς,ἢ
1252 3137 1675 3237 μνημονειίσαντεςῠ1

459 3284 532 3357 τῶν
560 3274 797 3374 ὀνομάτων,ἢ
825 3276 949 3360 ἄλλως
980 3276 1120 3380 ἔχοντες
1149 3275 1193 3381 ἐξ
1217 3274 1460 3379 ἀντιγράφων,
1479 3276 1654 3353 iva-⁴·-

386 3428 388 3431 ’
458 3411 650 3517 βρύνονται
671 3420 739 3507 (for.
759 3411 988 3513 ἐνεβρύνοντο
1006 3417 1157 3515 διαίρει.)
1178 3410 1380 3512 σωζομένης
1405 3417 1451 3516 τῇ
1474 3410 1657 3510 μνῆ-κ

460 3583 510 3654 μη
535 3551 599 3644 τῆς
626 3548 808 3647 εὐγενείας·
838 3544 887 3624 ῶν
911 3546 1107 3649 ἐτύγχανον
1135 3552 1168 3624 οἱ
1194 3546 1440 3648 προειρημενοι
1457 3553 1558 3625 Δεσ·
1581 3574 1652 3597 ἒ

462 3773 561 3832 tonius
581 3783 610 3830 et
626 3773 779 3848 Augustus
798 3794 833 3830 ex
854 3785 985 3830 senatus·
1037 3771 1161 3828 familias
1176 3770 1248 3827 nibil
1262 3771 1298 3828 ad
1311 3792 1343 3828 se
1357 3771 1507 3848 pertinere
1521 3770 1653 3827 inf

463 3854 596 3912 consulto
624 3873 743 3929 regnum
770 3854 881 3911 Judaeae
904 3853 987 3928 adju.
1038 3852 1181 3928 telligens,
1201 3851 1391 3928 ignobilitatis
1413 3872 1473 3908 suae
1496 3872 1561 3909 con·
1585 3852 1672 3891 ’ί

464 3933 608 3991 dicarunt.
653 3933 751 4009 Hujus
768 3934 892 3991 Herodis
911 3933 988 3990 lilius
1039 3933 1159 3990 scientia
1186 3932 1361 4001 stimulatus,
1386 3933 1486 3989 omnia
1513 3930 1563 3988 illa
1583 3934 1652 3979 Α

465 4014 522 4072 fuit
545 4013 678 4071 Herodes
699 4012 805 4090 aliique
827 4013 988 4071 tetrarchae.
1040 4024 1170 4070 veterum
1185 4012 1359 4069 familiarum
1374 4012 1654 4070 monumenta)

466 4095 710 4170 Ethaecquidem
729 4093 881 4169 gentilium
902 4094 988 4151 etiam
1039 4093 1252 4150 concremavit:
1280 4103 1360 4148 ratus
1379 4112 1411 4150 se
1431 4104 1495 4149 tum
1515 4092 1564 4151 de·
1597 4105 1651 4128 κ

466 4174 593 4232 historiae
608 4195 672 4232 cum
689 4173 991 4231 Juda'r'cacommunia
1040 4193 1118 4230 mum
1149 4171 1273 4230 nobilem
1303 4172 1396 4229 visum
1426 4172 1473 4237 iri,
1500 4192 1564 4231 cum
1625 4178 1650 4209 Δ

466 4264 543 4313 sunt.
575 4254 711 4312 Ceterum
725 4274 791 4311 cum
804 4254 838 4312 ad
854 4253 884 4311 id
899 4274 990 4330 usque
1041 4273 1125 4311 nemo
1139 4263 1214 4311 esset
1232 4252 1282 4329 qui
1302 4272 1337 4310 ex
1359 4251 1484 4330 publicis
1504 4274 1564 4311 mo·
1641 4251 1675 4306 ’λ’

467 4334 606 4413 temporis
634 4335 663 4390 in
690 4335 839 4392 tabulariis
867 4334 991 4413 publicis
1041 4335 1187 4391 numentis
1210 4333 1351 4411 originem
1372 4334 1489 4410 generis
1509 4334 1565 4399 sui,

467 4414 617 4492 descriptae
632 4426 729 4472 esseut
740 4415 865 4491 origines
876 4426 935 4472 tam
947 4415 989 4470 fu·
1043 4414 1086 4471 vel
1111 4414 1147 4471 ad
1169 4413 1356 4491 patriarchas,
1371 4411 1416 4470 vel
1437 4413 1474 4471 ad
1500 4435 1565 4492 pro-

467 4495 613 4553 miliarum
651 4495 871 4560 llelrra'icarurn,
903 4515 989 4572 quam
1042 4493 1159 4572 selytos,
1175 4495 1221 4552 vel
1242 4493 1278 4551 ad
1298 4493 1457 4571 permixtos
1472 4494 1565 4552 Israe-

468 4595 566 4634 eorum
586 4576 635 4652 qui
656 4575 691 4632 ad
712 4574 882 4653 proselytos,
897 4576 926 4632 id
946 4585 990 4631 est
1041 4572 1102 4632 litis
1131 4575 1296 4652 peregrinos
1317 4573 1366 4649 qui
1391 4579 1499 4648 Γειῶραι
1523 4575 1566 4632 di.

468 4656 592 4713 advenas
606 4675 697 4733 genus
712 4676 796 4712 suum
817 4656 992 4719 referebant,
1042 4664 1158 4721 cuntur,
1187 4666 1284 4733 posset
1313 4653 1431 4712 referre.
1480 4656 1564 4713 Pauci
1626 4650 1666 4706 -30

469 4735 548 4794 verbi
569 4736 662 4812 gratia
683 4735 719 4792 ad
740 4736 849 4792 Acbior
869 4735 990 4792 Amani·
1042 4745 1139 4792 tamen
1161 4734 1344 4812 antiquitatis
1363 4735 1486 4793 studiosi
1508 4736 1565 4814 pri·

468 4827 537 4885 tem,
560 4827 589 4873 et
613 4816 649 4872 ad
680 4816 760 4873 lluth
789 4816 994 4882 Moabitidem,
1044 4827 1125 4873 vatos
1140 4815 1238 4894 stirpis
1257 4835 1316 4872 suae
1335 4816 1566 4882 commentarios,

468 4915 574 4973 eosque
583 4896 632 4972 qui
646 4916 681 4953 ex
691 4897 819 4974 AEgypto
828 4895 913 4953 simul
926 4915 991 4953 cum
1043 4894 1091 4952 vel
1105 4896 1183 4971 quod
1197 4895 1314 4953 nomina
1325 4895 1388 4972 ipsa
1402 4897 1567 4954 memoriter

468 4975 609 5035 Israelitis
623 4977 728 5053 egressi
745 4996 795 5054 per
810 4975 993 5033 matrimonia
1043 4974 1193 5043 callerent,
1222 4975 1266 5033 vel
1301 4995 1337 5033 ex
1366 4977 1490 5034 archivis
1517 4976 1565 5035 de·

467 5076 534 5115 cum
548 5056 618 5135 ipsis
633 5057 769 5135 permixti
784 5057 912 5125 fuerant,
929 5057 992 5114 He·
1044 5057 1166 5134 scriptos
1192 5077 1280 5135 penes
1304 5077 1335 5115 se
1363 5056 1514 5124 habentes
1538 5057 1565 5114 iu
1579 5059 1627 5124 35

468 5135 552 5195 rodes
576 5137 683 5214 priscus
708 5137 772 5195 illas
794 5137 992 5195 Israelitarum
1044 5136 1145 5213 primis
1166 5137 1364 5215 gloriabantur
1385 5137 1464 5215 quod
1485 5138 1565 5195 avita
