3917 6467
759 1788 1146 1911 MAXIMI,

415 2040 503 2110 QUI
527 2041 616 2106 SUB
638 2041 787 2107 FINEM
810 2040 994 2108 sAEcULl
1019 2040 1217 2107 snounffl
1241 2039 1452 2118 Fnolwln,

694 2262 725 2333 F
736 2263 770 2333 R
780 2261 817 2333 A
828 2262 863 2334 G
875 2262 919 2331 M
931 2261 963 2331 E
975 2260 1014 2329 N
1025 2261 1055 2330 T
1067 2258 1103 2330 U
1115 2259 1171 2331 M.

416 2413 472 2477 Ab
488 2413 628 2479 Eusebio
641 2414 723 2478 libro
738 2414 790 2479 vii.
807 2415 992 2499 Proeparat.
1008 2413 1127 2498 Εοαιιρ.
1145 2433 1214 2499 cap.
1231 2412 1290 2477 ult.
1307 2412 1449 2478 allatum.

785 2616 1075 2666 -4-

355 2806 373 2860 5
435 2782 489 2844 En
502 2780 580 2846 libro
593 2783 631 2848 do
642 2785 794 2863 Materia,
808 2786 863 2871 qni
877 2786 911 2849 ιἰι
925 2784 1042 2869 dialogi
1055 2782 1176 2846 ιιιοάιιιιι
1190 2781 1364 2865 compositus
1377 2742 1427 2845 est.

373 2882 504 3000 ὈΤΙ
524 2918 589 3015 μέν
614 2920 790 3000 ἀδύνατον
814 2919 986 3024 ὑπάρχειν
1012 2921 1188 3022 ἀγέννητοι
1213 2918 1276 2999 δύο
1303 2918 1388 3019 ἅμα,
1408 2916 1487 2998 οὐδὲ

381 3051 427 3131 σέ
446 3055 590 3154 ἀγνοεῖν
608 3054 747 3156 νομίζω,
766 3060 796 3133 εἰ
821 3056 878 3133 καὶ
897 3052 945 3132 τά
967 3051 1133 3152 μάλιστα
1152 3056 1264 3136 δοκεῖς
1287 3050 1488 3156 προλαβὼν

379 3196 488 3265 τοῦτο
505 3187 796 3289 προστεθεικέναι
821 3194 874 3294 τῷ
898 3186 1012 3295 λόγιρ·
1035 3192 1084 3271 ὡς
1109 3185 1254 3271 πάντως
1271 3187 1316 3293 ἐξ
1331 3184 1488 3288 ἀνάγκης

380 3317 424 3399 τὸ
443 3321 563 3423 ἕτερον
582 3323 638 3399 δεῖ
651 3322 781 3423 λέγειν,
800 3319 823 3421 ἢ
842 3322 897 3401 ὅτι
915 3324 1130 3426 κεχώρισται
1148 3326 1212 3421 τῆς
1230 3324 1319 3421 ὕλης
1344 3324 1364 3401 ὃ
1383 3317 1486 3419 Θεὸς,

337 3453 405 3556 1οῆ
432 3457 479 3535 αὖ
501 3454 626 3555 πάλιν,
646 3456 702 3536 ὅτι
724 3456 918 3561 ἀμέριστος
940 3458 1050 3556 αι’σῆς
1076 3454 1257 3560 τυγχάνει.
1288 3462 1318 3536 εἰ
1340 3454 1406 3554 μέν
1425 3456 1487 3536 οὖν

380 3590 549 3688 ἦνῶσθοί
561 3624 615 3673 τις
642 3589 733 3669 αι’νιά
754 3596 863 3671 εἶπεῖν
886 3591 1012 3688 ε’θελοι,
1032 3590 1070 3669 ἓν
1087 3589 1130 3670 τὸ
1155 3590 1349 3691 ἀγέννιγτον
1374 3589 1483 3696 λέξει·

381 3725 549 3829 ἑκάτερον
566 3724 639 3828 γὰρ
662 3727 809 3824 τούτων,
827 3725 934 3830 μέρος
958 3728 1062 3806 ἔσται
1078 3733 1142 3803 τοῦ
1162 3725 1335 3822 πλησίον.
1363 3722 1482 3823 ἀλλή-

380 3869 460 3940 λων
478 3859 516 3939 δὲ
533 3859 624 3963 μέρη
648 3858 884 3963 τυγχάνοντα,
903 3861 967 3939 οὐκ
985 3860 1089 3938 ἔσται
1114 3858 1290 3960 ἀγεννητα
1308 3857 1381 3955 δύο,
1401 3860 1484 3937 ἀλλ’

732 4068 786 4127 Fr.
805 4067 903 4146 Vigen'
918 4067 1133 4146 Interpretatio,

335 4198 372 4260 15
598 4189 647 4247 Ad
657 4189 732 4247 hanc
748 4188 916 4267 Fragmenti
930 4188 1119 4247 recensionem
1133 4197 1271 4247 correcta.

424 4366 571 4444 Equidem
588 4366 648 4425 dno
661 4367 749 4426 simul
762 4388 827 4445 quoe
842 4380 910 4427 ortu
960 4390 1035 4435 cere,
1055 4370 1080 4427 is
1099 4390 1189 4428 unum
1210 4369 1353 4427 duntaxat
1376 4369 1485 4447 aliquid

382 4459 501 4507 meant
532 4466 596 4505 esse
625 4467 685 4506 non
716 4468 810 4525 posse,
838 4450 909 4525 quin
960 4460 1080 4516 statuet,
1096 4449 1174 4525 quod
1193 4462 1261 4507 ortu
1280 4460 1393 4519 careat3
1416 4461 1487 4509 tunc

381 4547 496 4586 mecum
521 4525 676 4604 intelligas,
702 4549 762 4586 non
787 4528 909 4587 dubito:
960 4531 1037 4587 enim
1059 4530 1179 4587 alterius
1198 4528 1321 4586 alterum
1340 4549 1406 4607 pars
1427 4532 1484 4588 uti-

380 4608 451 4666 lieet
471 4606 527 4663 hoc
546 4626 655 4699 ponere
679 4608 799 4686 insuper
822 4621 910 4685 atque
960 4630 1017 4685 que
1041 4611 1136 4679 foret3
1165 4629 1230 4685 quae
1255 4628 1325 4666 vero
1353 4621 1484 4668 mutuam

332 4708 372 4749 no
381 4687 490 4745 addere
526 4685 673 4745 wdearis:
717 4688 854 4764 quoniam
893 4710 910 4746 e
961 4690 1038 4747 inter
1063 4710 1124 4748 sese
1149 4689 1240 4767 partis
1266 4688 1407 4747 rationem
1434 4690 1485 4746 hn-

381 4766 498 4825 duobus
520 4767 712 4824 necessarium
735 4766 910 4825 alterutrum
960 4769 1040 4838 bent‚
1060 4768 1170 4833 eadem,
1185 4789 1250 4845 quae
1271 4780 1337 4825 ortu
1360 4781 1485 4834 careant,

380 4857 437 4912 at,
452 4855 487 4903 ut
506 4844 552 4903 vel
568 4859 736 4924 segregatus
754 4867 772 4905 ιι
789 4847 911 4905 materia
961 4847 1020 4907 duo
1034 4849 1120 4907 simul
1135 4868 1197 4906 esse
1212 4868 1269 4906 non
1288 4860 1419 4925 posnunt,
1435 4846 1486 4905 sed

381 4926 476 4992 Deus,
503 4922 552 4982 vel
576 4944 642 4983 cum
667 4926 768 4984 endem
791 4926 911 4984 omnino
960 4947 1051 4986 unum
1088 4949 1125 4986 ex
1160 4927 1281 4986 diversis
1315 4928 1484 4985 consistens.

381 5005 558 5082 eonjunctue
586 5024 649 5062 esse
678 5005 801 5064 dicatur.
848 5005 909 5076 Qui
961 5006 1069 5083 Neque
1093 5008 1171 5065 enim
1195 5008 1340 5064 hominem
1365 5005 1487 5064 diversis

333 5104 371 5169 ²5
381 5105 454 5163 ergo
467 5104 503 5143 en
516 5082 674 5161 eonjuneta
687 5104 750 5143 esse
768 5083 848 5143 volet
865 5083 910 5141 di·
960 5097 1140 5145 constantem
1166 5086 1302 5144 membris
1329 5084 1487 5142 dividimus
