3917 6467
490 1077 554 1142 114
856 1077 1237 1144 ANNO'I'ATIONES

490 1248 650 1313 Oaeterum
675 1249 735 1312 hoo
762 1258 986 1334 argumentum
1011 1248 1134 1313 firmins
1157 1257 1217 1313 est.
1245 1246 1396 1310 Vrernns.
1450 1243 1500 1308 At
1523 1263 1593 1307 roro

492 1350 553 1413 hoe
567 1348 671 1433 ipsum
686 1351 729 1414 nd
744 1357 853 1434 portes
870 1351 1093 1435 respondentis
1110 1350 1270 1436 pertinere
1284 1348 1429 1420 ridetur:
1456 1346 1596 1410 oonserss

491 1450 576 1514 enim
591 1472 662 1534 quae
676 1451 768 1516 initio
783 1452 933 1516 diountnr
947 1452 1097 1517 sectionis
1115 1451 1239 1537 prioris.
1283 1449 1363 1531 Quae
1378 1470 1456 1534 ergo
1476 1447 1509 1510 in
1524 1454 1597 1509 sent

492 1551 629 1637 septimo
655 1560 841 1637 sequnntur,
869 1576 908 1618 ee
934 1554 1072 1618 fortusse
1101 1553 1199 1619 tertio
1227 1552 1353 1617 ouidsm
1382 1546 1598 1615 interlooutori

490 1653 700 1718 attribuenda
714 1660 800 1717 sunt.

535 1754 573 1818 P.
586 1776 637 1838 94.
652 1756 673 1818 Ι.
693 1772 739 1840 15.
766 1760 792 1819 εἰ
813 1759 869 1834 μὲν
893 1759 926 1819 ἐκ
942 1758 1130 1837 φιλονεικίας
1145 1755 1219 1842 dum]
1237 1758 1290 1818 Ex
1310 1752 1491 1818 Philosalt'a
1505 1747 1599 1836 purti-

493 1855 597 1920 oulum
611 1861 669 1938 γὰρ
684 1866 758 1941 post
774 1860 801 1920 εἰ
814 1860 871 1936 μὲν
885 1857 960 1921 οΙίαι
975 1857 1096 1932 addidi,
1112 1879 1185 1921 oum
1206 1858 1348 1943 ejusdem
1366 1850 1602 1920 interlocutoria

493 1976 574 2032 esse,
583 1956 673 2039 eujus
688 1955 796 2040 priore
811 1964 897 2031 sunt,
913 1956 985 2020 haeo
1000 1956 1077 2019 mihi
1093 1956 1285 2020 viderentur.
1330 1954 1409 2019 Jnm
1423 1959 1550 2028 eontra,
1561 1951 1603 2015 ti-

493 2056 594 2121 tsrius
622 2078 701 2130 esse,
728 2057 781 2141 qui
805 2064 916 2141 portes
940 2057 1163 2141 respondentis
1188 2057 1345 2122 sustinere
1369 2057 1486 2142 pergit.
1509 2054 1604 2119 verbs

495 2157 560 2222 ists
581 2158 738 2223 existimo.
780 2159 871 2223 lnter
892 2160 961 2223 haeo
983 2168 1092 2223 sutem
1114 2182 1179 2223 non
1199 2167 1327 2224 tentum
1349 2159 1381 2222 in
1397 2159 1531 2243 Diolopo
1551 2155 1603 2219 ad-

495 2279 597 2323 versus
615 2261 831 2338 Marcionitas,
851 2262 959 2325 omniu
979 2262 1145 2344 praeterito
1165 2268 1249 2337 sunt,
1269 2281 1377 2324 verum
1399 2259 1500 2324 etiam
1521 2258 1603 2344 apud

496 2360 878 2447 MethodiiEeseptorem
890 2385 990 2447 usque
1000 2364 1077 2427 dum
1087 2362 1260 2427 venerissd
1274 2363 1380 2438 verbs,
1394 2363 1443 2426 mi
1454 2358 1605 2442 προσπλέ-

499 2486 589 2538 κεται,
614 2484 644 2546 p.
669 2465 721 2544 96.
748 2462 768 2524 l.
794 2464 851 2528 ult.
897 2463 1041 2528 Plurima
1064 2465 1188 2529 interes
1213 2463 1393 2548 hujusmodi
1419 2468 1605 2526 ornaments

498 2584 569 2647 quae
593 2564 721 2628 Plutoni
741 2587 865 2629 summo
888 2566 1087 2650 dialogorum
1108 2565 1224 2630 artifici
1244 2563 1296 2628 hic
1315 2564 1412 2628 debet
1433 2563 1604 2638 Maximus

499 2662 533 2727 in
547 2666 699 2748 opusouln
714 2689 772 2731 sno
786 2667 959 2732 transferre
973 2679 1063 2732 amat
1079 2670 1111 2731 S.
1126 2667 1322 2732 Methodius.

546 2767 583 2831 P.
596 2787 648 2850 95.
669 2768 689 2830 l.
700 2788 731 2850 5.
756 2772 806 2832 καί
823 2794 860 2831 σε
881 2772 913 2832 δὲ
938 2772 1013 2832 οὕτω
1037 2775 1203 2833 διακεῖσθαι
1224 2767 1300 2853 itm]
1324 2768 1441 2832 Partes
1463 2767 1604 2852 disputa·

501 2866 598 2931 tionis
612 2889 695 2932 nuno
709 2868 756 2933 its
770 2869 913 2946 distinxi,
928 2878 965 2934 ut
983 2871 1063 2947 haeo,
1078 2870 1209 2955 perinde
1226 2879 1326 2954 atque
1348 2869 1403 2933 illo
1416 2869 1526 2946 verbs,
1541 2869 1605 2932 οὐδὲ

502 2972 560 3051 γὰρ
586 2970 669 3037 ἐκτὸς
688 2971 799 3035 οὐσιῶν
819 2972 894 3035 αὐτὰ
914 2975 988 3036 ὄντα
1006 2972 1124 3051 βλέπω,
1139 2973 1182 3036 ud
1200 2970 1422 3056 respondentis
1441 2990 1607 3056 personam

503 3070 694 3153 pertineant.

549 3172 631 3236 Ibid.
646 3173 667 3236 l.
683 3195 731 3236 11.
743 3178 944 3259 παραστῆναι]
959 3175 1122 3240 Usitatius
1133 3174 1230 3239 fuerit
1245 3178 1444 3255 παραστῆσαι.
1460 3174 1607 3236 Vronsns·

505 3273 598 3355 Quod
613 3277 653 3340 de
674 3277 839 3342 melis‘hio
862 3280 1026 3354 statuitur,
1042 3276 1246 3358 ἐπανόρθωσις
1260 3276 1386 3339 ridetur
1400 3296 1469 3338 esse
1490 3296 1609 3351 eorum,

505 3398 576 3460 quae
592 3377 682 3440 initio
698 3379 847 3442 seotionis
861 3379 975 3464 prioris
991 3379 1031 3442 de
1045 3379 1158 3442 iisdem
1173 3377 1264 3440 malis
1279 3377 1405 3460 prolatu
1419 3375 1557 3441 suerunt.

550 3478 632 3542 Ibid.
647 3478 668 3542 Ι.
685 3483 732 3544 16.
755 3482 773 3558 ἡ
793 3484 826 3544 δὲ
849 3483 1000 3559 σωματικὴ
1021 3481 1181 3566 σύστασις]
1205 3479 1258 3542 lte
1278 3477 1454 3541 ΡΙιὶίοσαίὶα
1474 3478 1608 3562 explica·

506 3580 580 3655 tius,
597 3602 692 3665 quem
707 3582 815 3666 Praep.
832 3584 949 3667 Εοοιιρ.
967 3583 999 3645 in
1015 3605 1078 3666 que
1092 3581 1193 3644 solum
1208 3588 1300 3645 extet
1316 3582 1387 3658 αὕτη
1402 3580 1445 3642 δέ.

551 3684 643 3764 P.96.
655 3683 675 3746 Ι.
690 3702 738 3746 10.
749 3685 840 3747 κακὸν
849 3688 880 3748 δὲ
890 3688 907 3748 ὁ
919 3685 1163 3768 ‹privor-ddum]
1176 3685 1230 3747 lte
1241 3683 1358 3768 legitur
1368 3682 1400 3744 in
1412 3681 1565 3745 Philooal.
1577 3690 1609 3745 et

507 3786 749 3870 Praepurotione
768 3789 890 3871 Εοοορ.
917 3787 992 3850 Cott.
1009 3788 1041 3850 S.
1053 3787 1146 3850 Joon.
1163 3787 1274 3861 Mssa,
1294 3792 1509 3867 praeterquum
1529 3784 1610 3868 quod

507 3888 540 3951 in
564 3889 625 3951 hoo
650 3887 758 3951 oodiee
783 3889 874 3951 κακοὺ
899 3889 974 3973 (sio)
1000 3910 1059 3973 pro
1086 3887 1176 3950 κακὸν
1198 3907 1364 3971 perperam
1388 3885 1530 3969 positum
1553 3894 1612 3962 est,

509 3990 640 4075 perinde
661 3997 758 4073 atque
780 3990 812 4052 in
827 3990 918 4054 editis
933 3994 1032 4065 κακοῦ,
1049 3989 1103 4052 ubi
1118 3989 1215 4052 verba
1229 4009 1355 4072 quoque
1377 3988 1466 4050 οὐσία
1489 3987 1576 4050 ἔσται
1596 3989 1612 4048 ὁ

423 4161 426 4168 ,
510 4093 612 4171 φόνος,
629 4092 711 4154 ἀλλὰ
729 4092 819 4170 μὴνὸ
839 4094 943 4169 φόνος,
959 4100 1091 4175 propter
1110 4089 1265 4174 repetitos
1287 4110 1379 4152 voees
1398 4087 1613 4160 omittuntur;

510 4191 560 4254 eui
581 4190 708 4273 quidem
728 4190 849 4255 leounae
871 4193 990 4255 mederi
1006 4192 1149 4256 volueret
1164 4191 1298 4275 Vigerus
1313 4190 1458 4274 legendo,
1474 4194 1502 4254 εἰ
1523 4194 1556 4254 δὲ
1575 4191 1614 4269 μὴ

511 4293 611 4355 οὐσίαι
624 4295 662 4354 τὰ
678 4296 762 4366 κακὰ,
780 4294 870 4357 κακὸν
881 4297 913 4358 δὲ
929 4298 946 4356 d
961 4297 1065 4375 φόνος,
1082 4294 1219 4375 ἐνέργεια
1233 4293 1290 4356 810.

555 4392 639 4455 Ibid.
655 4392 674 4454 l.
690 4411 740 4456 12.
755 4395 870 4480 οὐσίας]
888 4395 960 4459 Ηοο
975 4418 1016 4459 ex
1031 4395 1182 4459 Philooal.
1198 4416 1256 4478 pro
1271 4395 1377 4456 οὐσίαν
1391 4392 1509 4476 sooopi.

555 4494 637 4558 Ibid.
653 4496 672 4559 L
691 4513 737 4581 15.
755 4497 823 4560 ἀλλ’
841 4498 929 4578 ἔργον
944 4499 972 4559 τὶ
987 4502 1037 4575 τῆς
1052 4499 1168 4580 οὐσίας]
1195 4496 1247 4559 Ex
1261 4495 1361 4558 eodem
1375 4493 1452 4557 libro
1467 4496 1495 4558 ri
1510 4514 1615 4578 sump-

512 4605 581 4661 tum
597 4598 716 4662 addidi.

558 4700 641 4763 Ibid.
656 4700 730 4779 l.17.
741 4701 856 4782 ἀγαθὸν
868 4704 916 4764 διὰ
930 4701 964 4762 τὸ
975 4703 1109 4781 ἐνεργεῖν
1121 4700 1251 4783 ἀγαθὸν]
1269 4700 1324 4762 Ita
1334 4697 1457 4783 plenius
1469 4704 1503 4761 et
1512 4718 1616 4760 emen·

512 4800 619 4866 datius
634 4802 781 4866 Philocal.
798 4823 856 4886 pro
871 4806 919 4866 διὰ
934 4803 968 4865 τὸ
985 4803 1162 4882 εὐεργετεῖν,
1179 4803 1304 4882 ἀγαθόν.

558 4902 641 4966 Ibid.
665 4902 686 4964 l.
707 4904 754 4964 18.
779 4906 815 4988 τῇ
839 4903 938 4987 οὐσίᾳ]
963 4903 995 4964 h.
1018 4925 1046 4966 e.
1076 4903 1213 4978 homine,
1242 4902 1294 4984 qui
1322 4901 1410 4964 οὐσία
1436 4909 1498 4964 est.
1542 4899 1614 4963 Vid.

514 5002 606 5067 infru.

559 5104 596 5167 P.
608 5121 659 5189 97.
676 5104 696 5168 Ι.
716 5124 742 5167 1.
764 5102 853 5168 ἅτινα
873 5106 925 5169 οὐκ
945 5107 1027 5169 ἔστιν
1042 5104 1127 5188 αὐτή]
1150 5105 1205 5167 Its
1224 5101 1377 5167 Ptilecal.
1397 5103 1454 5166 sed
1470 5101 1546 5182 αὕτη
1559 5121 1616 5186 pro
