3917 6467
423 1094 487 1164 496
784 1090 1135 1155 ANNOTATIONES

424 1261 578 1337 clemens,
594 1280 689 1344 quam
711 1258 899 1324 autcarius
920 1259 1054 1336 eeusuit,
1070 1257 1125 1343 qui
1146 1256 1180 1320 in
1195 1256 1279 1321 Hist.
1297 1257 1365 1320 nit.
1388 1256 1518 1322 floruisse

425 1384 499 1428 enm
520 1363 568 1426 ait
586 1362 628 1427 ab
649 1379 818 1444 ann.192;
844 1383 906 1444 quo
920 1382 1005 1424 anno
1019 1359 1213 1425 Commodus
1235 1359 1362 1423 oeeisue
1383 1368 1450 1436 est3
1469 1370 1521 1425 aut

425 1464 536 1530 scribit
558 1465 588 1527 S.
607 1462 832 1546 Hieronymus,
848 1463 901 1546 qui
923 1462 956 1525 In
978 1461 1049 1525 Lib.
1065 1462 1113 1526 De
1127 1460 1248 1525 Illrsstr.
1267 1462 1365 1525 Varis.
1388 1461 1522 1526 similiter

425 1565 543 1652 posuit,
557 1565 700 1629 flomisse
715 1564 909 1630 Clementem
929 1564 1037 1628 Severi
1052 1573 1086 1629 et
1100 1564 1259 1628 Antonini
1280 1562 1341 1627 filii
1363 1565 1432 1648 ejus
1451 1573 1522 1628 tem·

425 1668 575 1754 peribam
600 1667 653 1753 qni
671 1667 797 1752 quidem
813 1666 946 1730 Severus
961 1666 1136 1731 Commodo
1155 1667 1187 1730 in
1210 1666 1350 1751 imperio
1370 1667 1521 1731 sueoeeeit.

426 1770 533 1856 Vulgo
552 1772 620 1852 περὶ
639 1772 743 1834 τούτου
764 1769 935 1847 Oedrenus,
950 1791 1010 1854 pro
1028 1791 1092 1853 quo
1114 1770 1163 1833 ἐπὶ
1182 1772 1290 1833 τούτου
1313 1769 1348 1831 in
1370 1791 1452 1833 nora
1471 1792 1522 1833 sua

426 1872 565 1937 editione
576 1894 596 1936 a
608 1872 645 1936 el.
658 1871 805 1936 Bekkero
820 1893 903 1935 nune
918 1871 1057 1956 positum
1068 1879 1126 1935 est.
1150 1869 1270 1934 Itidem
1280 1871 1316 1933 in
1328 1871 1449 1956 Belegia
1457 1872 1522 1935 His·

426 1973 577 2039 omarum
591 1995 612 2037 a
627 1973 664 2036 el.
679 1972 829 2038 Oramero
844 1972 938 2036 editis
952 1973 1049 2037 verbe
1063 1974 1130 2036 haec
1145 1972 1189 2036 sie
1204 1993 1240 2035 se
1254 1971 1393 2036 habent:
1411 1972 1522 2052 Κλήμης

427 2079 444 2140 ό
459 2078 650 2157 Στραματεὺς
665 2078 699 2139 ἐν
712 2075 925 2160 Ἀλεξανδρείᾳ
940 2077 1121 2157 ἔγνωρίζετο,
1137 2074 1178 2141 ὥς
1198 2084 1296 2156 φησιν
1310 2074 1490 2157 Ἀφρικανὸς
1507 2079 1521 2138 i

428 2179 616 2258 σοφώτατος,
632 2179 681 2242 ἐπὶ
697 2181 836 2258 Κομίόου,
852 2201 923 2264 pag.
939 2180 1010 2263 285.
1056 2177 1153 2241 Hune
1167 2178 1361 2263 scriptorem
1376 2187 1471 2264 atque
1484 2180 1521 2265 ip

427 2302 498 2344 sum
514 2279 700 2344 Afrieanum
716 2302 780 2344 una
793 2302 865 2343 eum
880 2279 1029 2364 Origene,
1044 2281 1152 2360 ἄνδρας
1166 2279 1268 2358 πάσης
1282 2282 1397 2361 σοφίας
1415 2281 1521 2358 ἐπισπᾷ

299 2432 303 2437 ·
426 2409 521 2463 μονας
535 2381 612 2447 dieit
627 2381 722 2446 fuisse
738 2381 887 2446 Socrates
901 2382 934 2444 in
951 2382 1038 2446 Hist.
1054 2379 1136 2444 Eat.
1155 2381 1204 2444 11.
1214 2400 1235 2464 3
1237 2400 1269 2465 5.

932 2637 1027 2700 LIII.

473 2785 510 2850 P.
523 2805 597 2871 307.
612 2788 632 2850 l.
654 2807 700 2852 10.
719 2796 875 2869 Ἀφρικανὸς
886 2788 1046 2872 Ἀβγαρον
1061 2789 1131 2873 tte]
1149 2788 1221 2852 Hoc
1237 2811 1302 2852 non
1318 2791 1422 2855 solum
1436 2793 1522 2856 Geor·

427 2888 499 2975 gius
518 2888 681 2974 Syneellus
705 2891 852 2966 servavit,
869 2892 925 2955 sed
944 2898 978 2955 et
999 2891 1156 2954 Eusebius
1179 2892 1212 2954 in
1235 2891 1395 2970 Chronico,
1416 2894 1448 2957 in
1470 2916 1523 2978 qno

428 2990 472 3054 nd
487 2990 612 3075 Olymp.
624 3011 695 3075 249.
711 2991 779 3056 haec
794 2991 941 3077 adposita
957 2999 1048 3055 sunt:
1074 2992 1214 3078 Atyanas
1227 2992 1278 3056 nir
1291 3005 1415 3059 sanetas
1429 3017 1524 3080 repau-

429 3091 474 3155 oit
489 3091 621 3170 Edessa,
637 3101 670 3156 nt
684 3093 748 3157 volt
762 3095 940 3178 Africanas.
987 3094 1146 3179 Opinatur
1165 3095 1293 3179 quidem
1317 3096 1367 3160 vir
1388 3098 1523 3162 doetissi·

429 3212 500 3257 mus
515 3193 812 3279 Theoph.Bayen1s
826 3196 859 3260 in
873 3196 956 3261 Hiar.
972 3219 1031 3260 sua
1047 3195 1196 3260 Osrtomn
1209 3206 1237 3260 et
1252 3197 1417 3277 Edessma
1428 3199 1479 3262 lib.
1488 3200 1524 3262 iii.

430 3318 460 3380 p.
477 3298 548 3358 166.
564 3304 747 3381 excerptum
762 3320 783 3362 a
798 3299 936 3383 Georgio
958 3299 1042 3362 huno
1063 3299 1167 3362 locum
1189 3298 1285 3362 fuisse
1308 3323 1350 3363 ex
1365 3301 1525 3365 Gestorum

429 3397 527 3474 libris,
544 3419 622 3482 quos
637 3399 807 3463 Africanus
823 3401 1018 3485 composuit3
1043 3401 1197 3485 siquidem
1217 3402 1331 3465 statim
1354 3413 1429 3488 post
1449 3405 1524 3467 idem

431 3500 586 3585 Georgius
608 3501 666 3564 hos
688 3502 855 3566 Oestomm
878 3503 974 3566 libros
996 3505 1037 3567 ab
1058 3503 1212 3566 Africano
1238 3503 1322 3588 Imp.
1349 3506 1525 3570 Alexandro

431 3612 630 3687 nuncupatos
652 3615 887 3669 commemorat.
933 3607 1015 3669 Tum
1030 3628 1104 3668 vero
1118 3606 1214 3668 alium
1237 3615 1397 3691 praeterea
1420 3609 1526 3682 locum,

431 3706 479 3769 vir
501 3705 538 3770 el.
565 3706 699 3790 protulit
722 3707 884 3772 inventum
907 3709 993 3794 apud
1016 3710 1168 3792 Excepta
1192 3715 1250 3771 τῶν
1276 3715 1403 3773 Κεστῶυ
1424 3713 1527 3775 Graeoe

431 3808 519 3872 edita
541 3830 561 3871 a
583 3808 814 3873 Melelrisedeeo
830 3811 1012 3874 Theveneto
1035 3833 1052 3873 e
1075 3811 1197 3873 duobus
1219 3810 1353 3874 bISStis
1372 3813 1480 3898 Regiis
1499 3823 1528 3876 et

431 3932 495 3973 nno
518 3909 711 3989 colbertino,
733 3911 766 3973 in
789 3934 851 3995 quo
874 3912 1117 3997 Abgarnseum
1138 3911 1281 3975 filiosuo
1305 3912 1431 3977 Manno
1453 3936 1528 3977 eom-

432 4013 599 4075 memorari
616 4012 749 4078 videtur.
792 4015 849 4091 At,
866 4014 891 4076 si
908 4015 1101 4078 concedatur
1116 4014 1329 4098 composuisse
1345 4016 1404 4079 hos
1421 4019 1528 4081 Cestos

433 4114 621 4178 Africanum
645 4116 879 4200 chronologum
903 4122 1011 4180 tamen
1036 4122 1069 4179 et
1092 4116 1152 4179 hoo
1175 4116 1243 4178 loeo
1268 4117 1429 4202 Georgius
1452 4141 1529 4182 meu·

432 4216 552 4280 tionem
567 4217 641 4281 feeit
656 4217 800 4281 Africani
816 4224 867 4281 τοῦ
882 4222 933 4285 τὰς
949 4221 1080 4299 ἱστορίας
1095 4221 1129 4282 ἐν
1143 4221 1340 4303 πενταβίβλῳ
1357 4229 1529 4302 ονγγραψα·

431 4319 542 4399 μένου;
567 4321 652 4404 quod
677 4343 753 4383 vero
777 4321 970 4405 praeeipuum
991 4329 1051 4395 est,
1068 4319 1235 4395 Eusebius,
1251 4320 1305 4404 qui
1331 4321 1364 4383 in
1387 4323 1530 4385 Chronica

433 4443 491 4484 sua
506 4428 611 4485 totum
626 4424 691 4485 fere
707 4422 852 4486 Africani
868 4445 946 4506 opus
962 4422 1001 4484 de
1014 4422 1221 4506 Temporibus
1238 4423 1452 4508 desumpsisse
1467 4447 1530 4487 een·

433 4531 530 4600 setnr,
548 4523 629 4587 hano
649 4526 781 4588 eandem
798 4524 939 4587 Africani
963 4524 1002 4587 de
1025 4525 1158 4608 Abgaro
1180 4526 1276 4604 ῥῆσιν,
1294 4534 1331 4588 ut
1353 4528 1488 4598 ostendi,
1504 4528 1531 4587 in

434 4625 545 4687 eodem
566 4647 661 4710 opere
684 4626 825 4710 protulit.
872 4627 1074 4711 Quapropter
1093 4626 1247 4689 Chronico
1263 4626 1409 4690 Africani
1433 4628 1532 4713 potius

435 4747 530 4809 quam
549 4728 642 4790 Castis
656 4726 764 4790 deberi
780 4750 850 4791 eam
865 4728 987 4812 opinor.

488 4827 572 4891 Ibid.
603 4826 775 4911 Ἀβγαρου]
814 4831 951 4910 Αὔγαρον
977 4829 1020 4892 ad
1041 4851 1140 4912 marg.
1166 4830 1301 4911 Syncelli
1329 4832 1469 4906 GoaruS,
1492 4830 1533 4892 id·

435 4951 496 5012 que
520 4951 602 4992 nune
626 4931 746 5016 recepit
769 4954 808 4994 ex
832 4933 905 4994 MS.
918 4933 1021 5016 priori
1036 4933 1142 4994 Poris.
1159 4931 1361 5010 Diudorfius,
1378 4943 1475 5018 atque
1493 4934 1534 4997 ita

434 5030 535 5094 edidit
550 5031 690 5116 Scaliger
705 5033 736 5095 in
752 5033 936 5097 Eusebe'oaie
952 5035 985 5095 in
1000 5057 1072 5118 pag.
1087 5036 1137 5112 84.
1184 5037 1239 5098 Ita
1254 5035 1373 5100 iterum
1397 5038 1534 5123 proxime

434 5139 507 5214 post
523 5131 658 5216 Syneelli
673 5141 791 5208 textus,
804 5143 837 5197 et
852 5143 927 5199 ante
942 5135 974 5197 in
991 5159 1020 5220 p.
1032 5157 1106 5220 329.
1123 5136 1285 5222 Otronopr.
1304 5139 1443 5203 solennis
1458 5138 1535 5202 enim
