3917 6467
679 1866 1263 1977 ANNOTATIONES

476 2163 536 2239 IN
564 2162 605 2238 S.
632 2156 969 2237 ALEXANDRI
1000 2153 1223 2230 HIEROS.
1253 2154 1455 2230 FRAGM.

831 2383 1099 2420 ...Φ-.-

468 2580 509 2643 Ρ.
525 2582 596 2664 165.
622 2580 642 2643 l.
664 2580 694 2642 8.
723 2579 923 2661 Ἀλέξανδρος
949 2579 1020 2663 δια]
1053 2578 1214 2643 Praemisit
1241 2577 1348 2656 verba,
1378 2600 1448 2664 quae
1474 2598 1513 2641 aa

425 2689 574 2767 quantur,
601 2681 776 2746 Eusebius:
802 2687 864 2761 Τῆς
889 2684 921 2744 δὲ
947 2679 1008 2745 κατ’
1031 2681 1219 2763 Ἀντιόχειαν
1243 2683 1405 2756 ἐκκλησίας
1430 2687 1515 2762 >lupa-

425 2787 534 2851 πίονος
558 2783 819 2863 ἀναπαυσαμένου,
847 2783 900 2862 την
923 2783 1087 2862 ἐπισκοπὴν
1108 2783 1276 2866 διαδέχεται
1295 2781 1518 2863 Ἀσκληπιέδητ

426 2889 460 2951 έν
474 2893 540 2953 ταῖς
554 2889 627 2949 κατὰ
641 2886 694 2949 τὸν
708 2885 839 2966 διωγμὸν
856 2887 953 2969 (Imp.
970 2884 1092 2970 Severi)
1105 2887 1279 2967 ὁμολογίαις
1294 2887 1464 2968 διαπρέψας
1477 2885 1521 2948 καὶ

427 2989 523 3054 αι’ντός.
538 2987 682 3068 μέμνηται
697 2989 745 3050 καὶ
763 2991 813 3065 τῆς
832 2988 935 3050 τούτου
956 2985 1166 3053 καταστάσεως
1179 2984 1392 3070 Ἀλέξανδρος,
1410 2987 1523 3052 ‘Ama

427 3095 515 3174 χεῦσι
537 3090 663 3175 γράφων,
682 3093 747 3153 ὦδε.
772 3093 1051 3156 ΑΛΕΞΑΝΔΡΟΣ
1067 3090 1125 3153 διο.
1151 3090 1324 3154 Antonio
1345 3113 1414 3155 vero
1439 3094 1525 3155 Sero·

421 3190 1527 3278 piononoetno,epieoopatmneocbesioesnscspiedsolnpiadoesqnipm

427 3293 585 3356 uenationes
609 3302 736 3377 tenuiore
753 3292 854 3380 fidon
882 3292 1002 3357 Cema
1029 3294 1184 3377 consessus,
1210 3294 1377 3357 nmnimam
1399 3294 1529 3381 οἱονίαιιι

429 3395 582 3459 retulerat.
627 3395 730 3478 Hujus
758 3396 961 3459 ordinationis
989 3395 1160 3459 mentionem
1180 3397 1265 3479 facit
1293 3396 1471 3459 Alemnder
1498 3396 1531 3458 ιἰι

430 3496 554 3582 amatodo
568 3497 613 3560 ad
625 3498 836 3561 Antiochenses
849 3498 896 3560 nis
910 3497 1016 3562 cerdis.
1041 3497 1331 3560 ALEXANDER
1347 3499 1406 3560 διο.
1438 3496 1531 3560 Sm-

432 3621 529 3660 moun
542 3600 738 3682 Fragmenta
753 3620 849 3682 supra
860 3599 991 3671 adduxi,
1005 3598 1073 3661 Vel.
1085 3597 1110 3662 Ι.
1123 3621 1196 3683 pag.
1207 3615 1280 3683 451.
1294 3605 1328 3661 et
1342 3597 1445 3660 deinc.
1458 3594 1532 3681 Epi·

432 3701 586 3765 stolarum
597 3709 706 3764 autem
722 3701 899 3765 Alexandri
915 3700 1126 3765 chronotaxin
1137 3700 1303 3764 constituit
1315 3702 1403 3763 Sam.
1414 3700 1532 3764 Banna·

432 3803 503 3888 gius
518 3803 551 3864 in
566 3803 824 3866 Polieieo-Eocles.
836 3802 1011 3866 Anrrelitnu
1025 3803 1066 3866 ad
1081 3824 1132 3866 an.
1144 3822 1216 3886 251.
1231 3824 1260 3886 p.
1271 3803 1354 3885 3623
1369 3801 1534 3886 virumque

434 3913 580 3968 sanctum
589 3926 628 3966 ex
637 3904 781 3988 Dionysii
789 3904 1032 3989 AlenEpietotn
1041 3905 1086 3968 ad
1092 3903 1353 3988 Oornetinmapud
1361 3902 1534 3982 Eusebium

435 4006 528 4069 Η.Ε.
541 4005 580 4067 vi.
598 4009 650 4082 46.
675 4008 816 4070 ostendit
837 4016 972 4072 exeunte
994 4008 1164 4071 Novembri
1186 4006 1261 4092 huju
1299 4004 1375 4070 anni
1392 4026 1466 4090 251,
1489 4003 1534 4069 vel

436 4107 563 4170 ineunte
579 4108 757 4185 Deccmbri,
772 4109 846 4194 quia
860 4110 887 4173 is
904 4111 1003 4173 Decio
1022 4110 1198 4194 imperante
1212 4111 1279 4174 fato
1354 4115 1428 4172 ctus
1442 4116 1533 4180 esset,

435 4208 503 4272 vita
517 4210 707 4283 decessisse;
734 4210 869 4274 Fabium
888 4218 997 4275 autem
1013 4212 1250 4275 Antiochenam
1373 4232 1427 4274 um
1442 4211 1534 4274 fuisae

437 4331 518 4373 novo
533 4311 637 4374 adhue
659 4333 743 4375 anno
765 4329 837 4397 252.
883 4313 1098 4397 Epistolarum
1114 4336 1188 4378 vero
1208 4314 1257 4400 pri

438 4419 533 4497 putat
548 4413 596 4475 vir
610 4412 647 4475 cl.
664 4435 734 4496 quae
751 4414 984 4478 Antiochenses
997 4415 1078 4479 adiit
1093 4416 1133 4479 de
1148 4406 1356 4500 Asclepiade·
1408 4435 1458 4479 am
1472 4411 1532 4497 epi·

438 4535 569 4597 scopum
601 4514 659 4577 sibi
694 4515 912 4600 imposuerunt
942 4516 1120 4601 imperante
1150 4517 1285 4590 Sever03
1380 4594 1382 4601 Ι
1451 4512 1531 4598 tique

440 4614 658 4678 Alexandrino
678 4617 842 4700 epistolam
866 4618 1027 4681 ferendam
1046 4618 1171 4681 dedisse
1186 4617 1414 4691 Alexandrum,
1520 4648 1529 4660 ·

439 4716 511 4800 gius
526 4717 573 4780 ait
587 4739 671 4780 anno
687 4719 813 4782 circiter
829 4740 900 4784 211.
932 4719 1109 4782 Secundam
1125 4720 1239 4784 statuit
1254 4719 1340 4783 illam
1350 4710 1446 4797 eundi.

440 4821 480 4882 de
495 4817 634 4882 ecclesiae
649 4841 727 4902 pace
741 4820 828 4883 misit
845 4820 1029 4882 Alexander
1042 4820 1083 4882 ad
1101 4819 1296 4883 Antinoites.
1339 4806 1479 4915 Τοτιίῇ
1510 4813 1518 4829 ‘

442 4921 560 4984 rexisse
580 4921 623 4983 ad
638 4920 815 5005 Origenem.
862 4921 1006 5005 Denique
1025 4931 1172 5005 quartam
1190 4921 1318 4984 missam
1333 4942 1402 4985 esee

441 5022 504 5085 lam
520 5044 603 5086 anno
619 5021 744 5084 circiter
762 5032 832 5106 236.
849 5024 890 5086 ad
907 5023 1106 5086 Demetrium
1125 5021 1330 5087 Alexandriae
1350 5022 1399 5109 ep'
