3917 6467
658 1103 894 1168 AFRICANI
922 1103 1214 1168 CHRONICON.
1240 1149 1241 1153 ,
1422 1103 1489 1172 309

889 1337 984 1402 LVI.

434 1472 590 1556 Adfiaem
607 1471 725 1539 adine
741 1475 818 1539 Me.
837 1474 978 1539 names
992 1470 1169 1551 Baebiani,
1184 1473 1238 1558 pai
1256 1471 1291 1536 ia
1308 1470 1434 1557 Uellepio

492 1576 679 1642 mmmm·
694 1576 807 1641 Omnis
819 1584 967 1651 matur,
982 1575 1047 1639 daee
1058 1573 1215 1658 adjurem
1229 1573 1377 1659 hyantas.

738 1685 818 1750 Heu.
833 1684 1009 1755 Dodwollue
1021 1684 1130 1750 edidit.

354 1890 371 1950 5
600 1869 711 1929 ITEM
733 1870 974 1930 SECUNDUM
996 1869 1270 1941 AFRICANUM,

425 1998 487 2071 Qui
503 1999 539 2058 de
552 2000 733 2080 temporibus
746 2011 777 2060 et
790 2000 919 2060 historiis
933 2001 1122 2061 Hebraeorum
1136 2011 1167 2061 et
1182 2003 1348 2061 Groeeornm
1367 2012 1397 2060 et
1412 2000 1484 2061 Per-

383 2122 483 2163 sarum
504 2114 535 2162 et
553 2103 750 2163 Macedonum
770 2125 836 2164 eum
858 2104 1125 2164 Alexandrinorum
1148 2106 1216 2179 (for.
1235 2116 1269 2164 ut
1290 2105 1375 2173 infra,
1390 2104 1483 2163 Alex·

383 2206 540 2281 andrinis),
569 2207 698 2285 itemque
723 2208 922 2266 Romanorum
947 2208 988 2267 V.
1014 2207 1096 2268 libris
1117 2208 1214 2267 omnis
1237 2207 1405 2287 complexus
1429 2218 1483 2267 est.

384 2310 441 2375 Ab
455 2311 565 2375 Adam
578 2332 679 2395 usque
692 2311 735 2375 ad
751 2309 986 2397 (iataalysmum
1001 2313 1073 2379 Noe
1092 2312 1166 2377 anni
1186 2294 1316 2376 fiecxnn.
1361 2311 1445 2376 item
1463 2331 1485 2375 a

337 2419 587 2506 uocataelysmo
598 2421 705 2507 (addit
715 2421 785 2486 Noe
793 2422 980 2509 Vallersise)
990 2445 1091 2508 usque
1102 2422 1145 2486 ad
1157 2421 1324 2486 Abraham
1332 2428 1367 2486 et
1379 2428 1484 2486 trans-

383 2524 609 2616 migrationem
622 2530 656 2595 in
670 2538 790 2597 terram
805 2531 956 2597 Ohsnsen
973 2532 1050 2596 anni
1065 2554 1144 2595 uxv.
1190 2530 1362 2596 Habitatio
1381 2529 1484 2595 omnis

383 2642 511 2725 generis
529 2640 653 2706 Israhel
673 2641 707 2706 in
728 2649 817 2707 terra
841 2642 994 2710 Ohansan
1019 2650 1053 2707 et
1075 2642 1109 2707 in
1131 2650 1219 2708 terra
1244 2641 1383 2727 AEgypti
1408 2639 1484 2706 anni

383 2774 529 2815 eonem
542 2752 672 2838 Moyses
686 2752 720 2817 in
733 2752 862 2818 heremo
875 2753 951 2818 anni
966 2775 1017 2816 xn.
1053 2752 1174 2818 Hiesus
1188 2752 1277 2817 Nave
1291 2758 1326 2816 et
1340 2752 1395 2837 qui
1409 2758 1483 2837 post

383 2861 490 2947 ipsum
505 2861 689 2948 Presbyteri
702 2885 755 2927 an.
770 2885 819 2932 nv.
830 2865 854 2927 J
856 2862 994 2940 udieum,
1003 2869 1037 2928 et
1051 2861 1119 2928 sine
1132 2862 1335 2952 principibus,
1347 2868 1381 2927 et
1395 2861 1483 2947 paeis

336 2983 372 3043 ¹5
384 2978 541 3057 tempore,
568 2971 643 3037 anni
671 2995 785 3035 eoecxc.
845 2971 1055 3037 Saeerdotum
1083 2979 1118 3037 et
1145 2973 1169 3035 J
1170 2971 1297 3036 udieum
1328 2971 1404 3036 anni
1432 2994 1481 3035 xe.

382 3082 509 3168 Regum
525 3082 737 3148 Hebraeorum
750 3084 826 3148 anni
840 3106 954 3148 ooecxc.
990 3082 1196 3171 captivitatis
1209 3090 1244 3148 et
1257 3082 1483 3148 destructionis

385 3191 587 3257 Hierusalem
601 3191 677 3258 anni
692 3215 764 3256 nxx.
810 3194 983 3259 Persarum
997 3214 1130 3279 regnum
1144 3194 1269 3279 (regum
1281 3194 1435 3258 Pomanus
1448 3200 1483 3259 et

393 3302 581 3389 Vallarss‘ue)
591 3303 666 3367 anni
680 3324 790 3366 erm.
817 3301 1033 3367 Maeedonum
1048 3303 1244 3388 principatus
1258 3322 1329 3367 eum
1344 3301 1484 3367 Menan-

384 3411 484 3475 drinis
498 3418 532 3476 et
544 3411 726 3477 Ptolemaeie
739 3411 815 3477 anni
825 3434 883 3476 een.
921 3413 967 3478 Et
977 3411 1144 3498 imperium
1155 3412 1372 3477 Romanorum
1382 3434 1483 3497 usque

333 3521 427 3587 aoad
443 3520 641 3587 Salvatorem
654 3530 689 3587 et
703 3522 966 3587 resurrectionem
979 3522 1049 3607 ejus
1063 3522 1139 3587 anni
1154 3544 1260 3585 uxmv.
1307 3520 1347 3585 ln
1364 3542 1398 3585 ee
1417 3542 1484 3584 om-

385 3652 442 3694 nes
458 3631 533 3696 anni
553 3632 586 3695 in
605 3639 731 3716 tempus
750 3654 848 3717 supra
866 3632 1020 3716 seriptum
1039 3631 1115 3697 anni
1131 3611 1293 3696 dnenxxvr.
1314 3613 1481 3712 (mxxvi).

386 3739 511 3805 Exinde
521 3742 564 3805 ad
575 3741 740 3827 imperium
749 3741 937 3819 Alexandri,
947 3742 1007 3806 hoe
1018 3749 1077 3816 eet,
1089 3740 1280 3818 Morieaviti,
1290 3740 1370 3824 (sor.
1378 3739 1482 3804 Marsi

386 3852 486 3929 Aviti,
502 3853 566 3916 vid.
587 3855 671 3935 not.)
692 3852 758 3937 qui,
780 3854 829 3933 (et
853 3851 945 3918 addit
965 3852 1139 3918 Vallarsius
1163 3853 1218 3937 Op.
1238 3853 1276 3917 S.
1298 3849 1484 3934 H'wrenyrm'

384 3961 503 4042 editor.)
529 3959 713 4025 Antoninus
735 3961 976 4046 eognominatus
1000 3969 1060 4039 est,
1083 3961 1159 4027 anni
1180 3983 1324 4025 cnxxxrv.
1378 3966 1482 4025 Edidit

333 4074 445 4151 251100
469 4073 618 4132 Henrieus
642 4072 813 4132 Dodwellus
826 4073 857 4130 in
881 4075 1005 4132 Dissera
1026 4075 1058 4130 de
1075 4074 1154 4131 Rem.
1177 4073 1281 4148 Pontis.
1301 4074 1481 4140 Succesrione,

383 4200 447 4258 eap.
463 4178 513 4237 vii.
530 4199 560 4257 p.
574 4180 624 4255 98.
638 4180 782 4237 Pearsonii
797 4180 930 4255 Operibus
949 4180 1089 4237 Parthum.
1107 4178 1270 4255 subjuncta.
1314 4175 1421 4236 Postea
1444 4197 1480 4235 ex

385 4284 536 4344 Parmensi
552 4284 621 4344 MS.
637 4283 795 4343 Vallnrsius
808 4284 910 4343 edidit.
