3917 6467
428 1085 495 1147 214
798 1084 1176 1150 ANNOTATIONES

430 1245 578 1311 Miltiade
592 1245 729 1331 irrepsit.
774 1247 869 1313 Osrte
883 1248 968 1332 apud
984 1248 1198 1334 Nioephorum
1214 1247 1384 1313 Μιλτιάδου
1403 1245 1511 1332 legitur.

428 1368 621 1430 quamquem
635 1368 692 1410 neo
708 1346 916 1432 Nioephorus‚
931 1369 990 1412 neo
1004 1347 1312 1432 christophorsonus
1325 1346 1412 1410 hune
1425 1345 1514 1410 loenu

428 1447 594 1512 intellexit.
619 1447 784 1511 Vermina.
827 1445 1012 1527 Ἀλκβιάδοο
1026 1468 1141 1511 nomen
1158 1468 1225 1533 prae
1244 1467 1279 1511 se
1298 1445 1408 1517 lerunt
1420 1464 1516 1509 omnes

427 1555 545 1632 praeter
553 1548 759 1632 Niespltoross
767 1555 801 1612 et
813 1547 1152 1633 Cleristeplorsonumin
1161 1546 1323 1622 versioue3
1337 1545 1517 1630 quiquidem

426 1670 490 1711 non
512 1656 691 1734 agnoscunt
716 1648 846 1713 Eusebii
869 1649 964 1713 verbo
985 1648 1048 1726 illa
1064 1649 1161 1713 αὐτῶν
1180 1645 1386 1725 ἐνισταμένου
1399 1647 1449 1731 τᾷ,
1469 1665 1517 1709 uso

426 1752 634 1835 posteriorem
649 1772 757 1816 voeem
772 1751 990 1833 σογγριιιψοτι
1024 1753 1137 1835 Atque
1146 1749 1219 1815 hino
1234 1755 1326 1815 ortus
1339 1755 1393 1813 ost
1407 1769 1519 1813 errore

427 1850 553 1915 Valesio
575 1874 672 1938 supra
693 1875 724 1937 p.
740 1868 811 1936 195.
827 1859 968 1929 notatus,
989 1853 1029 1916 de
1050 1850 1132 1915 libro
1154 1850 1312 1916 Miltiadis
1331 1850 1377 1914 ab
1397 1858 1520 1915 auotors

428 1952 543 2017 Uentre
576 1953 786 2039 Gomplrypos
814 1954 945 2019 redeoto
973 1955 1007 2016 in
1033 1952 1262 2036 oompendinm.
1308 1951 1429 2016 Omnia
1455 1957 1520 2037 post

426 2052 515 2137 prius
550 2053 758 2135 συγγράμματι
793 2055 947 2119 οιιιίιιιιιιι
978 2052 1144 2137 Oltistopl.
1175 2054 1269 2117 Ιιοοιι.
1295 2053 1440 2136 Rufinus,
1462 2051 1521 2137 (qui

425 2160 533 2217 ιοιιιοιι
548 2175 663 2219 nomen
676 2155 848 2232 Miltiadis,
862 2155 911 2219 vel
926 2155 1098 2234 Milsiodis,
1112 2162 1199 2220 reete
1209 2153 1373 2219 Miltiadis
1383 2155 1419 2219 iu
1430 2156 1523 2219 MSto

426 2274 497 2316 meo
523 2253 755 2337 antiquissimo,
777 2255 861 2320 inter
882 2255 951 2319 haeo
968 2254 1151 2320 Eusebiana
1169 2254 1289 2319 invenit
1300 2259 1323 2335 ς)
1341 2257 1420 2320 Ma.
1436 2253 1522 2320 Μ.

426 2355 601 2439 Maryoque
628 2356 794 2421 Joneiani
826 2358 1017 2442 esempdm's,
1052 2365 1185 2442 propter
1219 2357 1254 2421 τὸ
1290 2358 1523 2437 apameam.

427 2456 532 2533 Adde,
556 2457 641 2540 quod
666 2457 756 2521 αὐτοῦ
777 2459 875 2536 λέξεις
898 2480 956 2543 pro
980 2459 1077 2523 aristis·
1097 2459 1196 2538 λέξεις
1211 2459 1314 2523 Codeta
1334 2457 1475 2542 Nesseis.
1493 2464 1525 2522 οι

427 2557 559 2640 Rufinus
587 2557 621 2620 in
650 2557 781 2622 Eusebii
809 2558 913 2622 verbis
941 2560 1085 2644 proxime
1113 2567 1191 2625 ente
1219 2559 1332 2645 positis
1359 2565 1524 2645 praestant.

426 2658 575 2723 Ceterum
590 2659 765 2736 Strothius,
781 2659 908 2724 nomine
923 2660 1083 2725 Miltiadis
1097 2661 1129 2724 in
1144 2668 1270 2726 textum
1280 2668 1422 2745 recepto,
1434 2681 1525 2746 quem

423 2781 485 2842 ego
501 2768 628 2825 seeutos
647 2781 726 2837 sum,
742 2759 826 2825 siout
845 2782 957 2845 nupen
947 2761 1114 2827 feserunt
1128 2761 1258 2826 Eusebii
1277 2762 1429 2838 editores,
1443 2761 1525 2827 Zim-

426 2882 601 2925 mormann.
610 2870 646 2926 et
657 2860 882 2940 Hermehenus,
892 2863 1008 2947 qmbus
1018 2863 1120 2929 addas
1128 2864 1169 2928 ol
1182 2863 1371 2929 Olshausen.
1373 2863 1524 2940 ‚lussit

426 2961 536 3046 “Ipsa
550 2962 657 3027 ratio
643 2984 712 3046 Jam
728 2964 831 3041 dooet,
847 2964 987 3029 etiam'
961 2987 989 3028 οι
1003 2987 1113 3030 omnes
1126 2965 1218 3030 oodd.
1232 2964 1430 3043 metentes
1439 2964 1524 3028 exhi·

423 3070 447 3099 ⁴⁴
463 3063 584 3142 berent,
600 3064 801 3129 scribendum
815 3087 883 3130 esse
899 3066 1079 3143 Μιλτιάδου,
1095 3088 1192 3150 quum
1210 3073 1244 3131 et
1263 3064 1471 3129 Aleibiades'
1461 3086 1526 3149 rpso

427 3171 447 3199 ‘⁴
464 3164 598 3248 (Euseb.
612 3188 641 3230 v.
662 3167 710 3252 3.)
737 3166 939 3232 Montanista
963 3166 1070 3244 luerit,
1099 3177 1133 3232 et
1158 3166 1316 3231 Eusebius
1341 3173 1412 3229 tam
1434 3165 1526 3230 initio

426 3265 578 3350 “capitis
602 3288 698 3350 quam
726 3265 761 3329 in
783 3267 989 3351 sequentibus
1011 3274 1123 3352 aperte
1150 3265 1307 3331 Miltiadis
1332 3286 1450 3330 nomen
1474 3287 1526 3350 po

427 3375 447 3402 ‘⁶
464 3366 572 3431 suerit.
620 3368 664 3431 Et
689 3389 786 3452 snpra
807 3371 853 3453 (p.
877 3370 962 3452 197.)
988 3376 1101 3433 eontra
1126 3369 1266 3454 positum
1280 3375 1352 3430 erat
1368 3366 1526 3431 Miltiadis

428 3476 449 3507 “
465 3490 580 3533 nomen
602 3492 660 3555 pro
682 3469 868 3548 Alcibiadis,
884 3471 969 3535 unde
991 3479 1082 3555 petet
1098 3492 1194 3554 quam
1215 3468 1353 3533 solennis
1373 3468 1472 3532 luerit
1492 3468 1526 3530 li-

427 3578 448 3608 “
464 3571 578 3635 breriis
598 3572 712 3635 horum
736 3573 899 3636 nominum
922 3572 1144 3657 permutati0.”
1181 3572 1263 3634 Haeo
1280 3570 1320 3633 de
1335 3591 1370 3633 re
1390 3569 1527 3633 evidenti

427 3672 601 3737 Strothius.
649 3674 729 3737 Mox
751 3675 842 3738 abest
865 3674 995 3738 verbum
1017 3676 1199 3752 ἐπετεμόμην
1223 3694 1244 3736 a
1268 3671 1367 3735 adae
1387 3670 1526 3754 Norsolo.

426 3775 509 3838 sieut
524 3774 604 3838 elin
619 3776 723 3839 verbis
735 3775 863 3839 Eusebii
876 3781 949 3860 post
963 3774 1163 3853 dannenstide.
1194 3774 1226 3836 A
1238 3773 1389 3858 Scaligeri
1404 3795 1527 3858 quoque

428 3875 527 3940 MSto
548 3876 686 3940 abluisse
706 3877 783 3940 illud
804 3878 909 3950 αὐτῶν,
927 3882 961 3940 οι
980 3875 1067 3940 istud
1085 3877 1276 3955 irrerepsisset,
1293 3896 1376 3939 nune
1390 3875 1470 3938 mihi
1484 3875 1527 3938 iu·

427 3977 543 4041 notuit.

471 4077 512 4141 P.
527 4095 598 4160 192.
617 4078 638 4140 l.
653 4098 700 4141 10.
717 4077 803 4141 Ἀλλ’
821 4080 875 4160 ὅγε
890 4076 1140 4159 ψευδοπροφήτης
1157 4078 1191 4138 ἐν
1205 4075 1424 4160 πορεκσιάοει]
1442 4075 1528 4140 Male

429 4178 563 4242 Rufinus
580 4188 615 4243 et
631 4179 787 4242 Batonius
807 4179 875 4241 haee
893 4178 992 4242 verbe
1013 4200 1054 4241 ex
1077 4176 1234 4240 Miltiadis
1256 4175 1337 4239 libro
1359 4176 1528 4261 desumpta

427 4301 503 4343 esse·
512 4278 746 4344 existimarunt.
784 4279 896 4363 Neque
911 4279 995 4341 enim
1008 4278 1059 4342 hio
1072 4277 1286 4342 innominatus
1300 4285 1425 4354 auetor,
1442 4277 1525 4361 quie·

429 4403 526 4466 quam
551 4381 631 4447 citat
657 4404 697 4445 ex
723 4381 880 4446 Miltiadis
905 4380 996 4456 libro,
1021 4381 1076 4444 sed
1102 4387 1230 4444 tautum
1257 4402 1297 4443 ex
1325 4380 1528 4463 responsione

428 4482 708 4567 Catephrygnrum
734 4482 885 4545 adversus
912 4482 1070 4545 Miltiadis
1093 4481 1228 4553 librum3
1265 4480 1350 4563 quod
1374 4502 1440 4543 uon
1464 4479 1529 4545 ani-

429 4585 666 4648 madverterunt
681 4584 880 4667 interpretes.
927 4583 988 4646 Est
1002 4591 1110 4646 autem
1130 4583 1182 4646 hio
1205 4583 1298 4666 hujus
1319 4583 1381 4645 loei
1398 4604 1529 4656 sensus;

428 4705 578 4768 magnum
594 4706 662 4746 esse
677 4683 845 4746 discrimen
860 4684 945 4747 inter
960 4705 1051 4746 veros
1066 4682 1239 4767 prophetas
1252 4694 1285 4746 et
1302 4682 1409 4745 salsos.
1456 4681 1529 4745 Veri

428 4785 513 4850 onim
529 4785 705 4868 prophetes,
721 4784 775 4868 qui
793 4783 914 4869 Spiritu
930 4784 992 4848 Dei
1011 4783 1124 4867 repleti
1145 4791 1249 4858 erant,
1265 4783 1375 4866 quieto
1389 4804 1428 4846 ao
1443 4790 1528 4847 trou-

429 4885 526 4970 quillo
559 4884 665 4947 animo
697 4883 913 4967 praedioebent
945 4884 1063 4947 futura.
1118 4883 1409 4966 Pseudoprophetas
1446 4905 1527 4957 vero,

428 4985 531 5070 qualis
554 4994 625 5050 orat
655 4985 842 5060 Montanus,
869 5005 940 5047 oum
968 4985 1074 5047 lurore
1103 4991 1136 5046 ot
1162 4983 1285 5047 insanie
1310 4982 1528 5067 loquebantur.

429 5086 525 5149 Gerte
538 5085 685 5150 eatholioi
707 5086 767 5149 hoe
791 5086 949 5169 praeoipue
973 5084 1165 5166 objiciebant
1182 5084 1404 5160 Montanistis,
1422 5086 1476 5169 qui
1496 5104 1529 5147 se
