3917 6467
429 1098 494 1161 4³⁰
805 1099 1185 1164 ANNOTATIONES

429 1262 530 1326 Ninus
547 1262 752 1345 Assyriorum
766 1283 823 1326 rex
838 1262 932 1348 vulgo
947 1264 1077 1329 habitus
1094 1287 1260 1330 successor
1273 1266 1354 1344 Beli,
1368 1270 1417 1354 qui
1433 1271 1503 1333 anuis

426 1383 480 1450 55.
506 1385 654 1449 regnasse
683 1363 794 1440 fertur,
817 1363 884 1449 ipse
912 1365 1005 1429 annis
1032 1385 1087 1449 52.
1114 1367 1283 1452 imperinm
1312 1371 1422 1436 tenuit.
1467 1373 1505 1434 De

428 1467 506 1530 Belo
536 1475 646 1530 autem
671 1466 734 1528 vid.
757 1488 855 1551 supra
885 1468 962 1530 Not.
985 1467 1027 1530 ad
1051 1469 1149 1532 Num.
1171 1470 1229 1533 xii.
1275 1470 1391 1556 Itaque
1408 1473 1506 1557 primm

426 1590 529 1633 annus
545 1568 715 1645 Phoronei‚
731 1569 785 1653 qui
800 1571 967 1651 συγχρουος
982 1570 1101 1654 Ogygia
1116 1570 1188 1647 suit,
1204 1581 1279 1656 post
1299 1573 1416 1637 Ninum
1428 1596 1507 1659 regno

429 1671 615 1735 defunctum
640 1692 742 1734 annos
761 1691 830 1754 143·
846 1671 1018 1755 contigisse
1036 1672 1207 1749 videbitur,
1222 1674 1250 1737 si
1274 1675 1445 1760 dempseris
1464 1678 1508 1740 hos

429 1772 497 1836 Beli
521 1780 555 1837 et
576 1773 650 1836 Nini
674 1774 920 1852 annos107.ab
947 1773 1008 1836 illis
1031 1774 1119 1858 regni
1135 1775 1303 1859 Assyriaci
1331 1796 1402 1861 250,
1416 1778 1509 1863 quibus

428 1875 538 1949 finitis,
554 1875 602 1939 vel
629 1896 703 1938 mox
729 1875 885 1951 finiendis,
902 1897 1036 1960 regnare
1061 1875 1158 1960 ooepit
1182 1898 1241 1939 rex
1262 1877 1452 1962 Argivorum
1472 1903 1507 1944 se

429 1978 550 2041 condus
566 1978 763 2041 Phoroneus.
811 1977 891 2040 Rem
906 1976 1006 2040 habes
1025 1976 1057 2039 in
1077 1977 1196 2041 tabella
1216 1980 1477 2063 comprehensam.

657 2079 860 2164 Assyriorum
876 2102 932 2141 rex
947 2078 1068 2163 primus
1080 2078 1175 2143 Belus
1188 2102 1293 2144 annos
1308 2085 1446 2168 regnarit
1467 2103 1506 2165 55.

855 2181 925 2244 Rex
940 2179 1097 2244 secundus
1111 2182 1219 2245 Ninus
1234 2204 1287 2246 an.
1304 2204 1392 2269 regn.
1468 2203 1505 2267 52

1454 2406 1504 2464 ¹07·

518 2488 612 2549 Anno
630 2507 701 2552 200.
719 2486 881 2570 Assyriaci
896 2486 1030 2570 imperii,
1042 2506 1093 2570 93.
1105 2494 1217 2550 autem
1232 2494 1308 2570 post
1323 2489 1439 2552 Nisum

472 2598 643 2664 mortuum,
654 2588 845 2672 Argivorum
861 2610 917 2652 rex
931 2588 1052 2672 primus
1065 2588 1126 2651 fuit
1143 2588 1294 2665 Inachus,
1308 2590 1362 2673 qui
1377 2613 1440 2676 reg-

473 2693 560 2754 navit
575 2713 625 2754 an.
642 2694 841 2773 50.—Ann0
858 2708 930 2772 250.
946 2689 1087 2773 ejusdem
1103 2689 1268 2772 Assyriaci
1284 2690 1359 2776 imp.
1375 2713 1439 2775 ¹43·

473 2803 580 2856 autem
596 2801 669 2875 post
683 2798 843 2854 mortuum
858 2792 989 2868 Ninum,
1007 2791 1197 2876 Argivorum
1212 2813 1270 2854 rex
1290 2795 1440 2858 secundus

473 2894 582 2957 extitit
598 2893 794 2967 Phoroneus,
806 2892 859 2976 qui
880 2894 991 2976 Ορμοίιι
1005 2895 1173 2976 σίγχροιιος
1186 2894 1259 2958 tuit.

476 2998 512 3058 P.
531 3014 602 3074 274.
618 2995 638 3056 l.
661 2993 721 3072 mi
747 2999 906 3076 πολλαχοῦ
930 3000 980 3072 τῆς
1006 2999 1060 3075 γῆς
1087 2995 1184 3075 ἔγειρε
1211 2995 1284 3079 dle]
1316 2995 1465 3059 Eusebius
1484 2996 1507 3057 in

432 3097 543 3161 Circa.
560 3096 670 3159 latino
690 3097 730 3159 ad
752 3118 804 3159 an.
820 3095 997 3159 Abruhumi
1014 3118 1052 3159 x:
1075 3096 1257 3159 Semiramis
1279 3119 1358 3160 mcor
1371 3098 1450 3160 Nisi
1462 3100 1507 3159 As·

428 3200 522 3281 syriis
536 3199 697 3282 insperserit
717 3219 811 3260 amcos
831 3219 913 3259 xuu:
938 3197 975 3260 dc
995 3219 1055 3281 qua
1078 3197 1317 3263 irruumeradiliu
1341 3211 1508 3264 nummu:

428 3322 498 3385 qum
512 3310 539 3362 et
555 3300 663 3361 Acium
678 3299 783 3375 tenuit,
798 3308 824 3361 et
832 3309 959 3382 prepter
973 3299 1200 3362 icumdotimicm
1215 3325 1338 3387 ορρονος
1358 3302 1509 3372 commui,

422 3404 584 3487 plurimus
597 3401 775 3483 Βοδγίοιιίιυ
786 3400 870 3463 urbm
885 3402 1069 3464 immerens.
1098 3402 1163 3464 Ubi
1179 3403 1248 3466 baec
1265 3404 1416 3487 Scaliger,
1431 3415 1450 3441 “
1462 3404 1510 3466 Ευ·

431 3514 451 3543 “
468 3506 591 3589 phrutis
612 3504 849 3567 inundationem
872 3504 1021 3587 intellige.
1068 3506 1122 3567 Ad
1138 3505 1270 3568 verbum
1292 3529 1334 3569 ex
1352 3508 1511 3578 Herodoto,

431 3618 450 3642 “
467 3607 519 3689 (L.
536 3607 556 3668 i.
576 3628 646 3690 cup.
668 3608 752 3687 180.)
778 3608 849 3682 αὕτη
870 3608 926 3682 μὲν
950 3606 1112 3682 ἀπεδέξατο
1136 3609 1261 3687 χώματα
1287 3610 1347 3672 dud
1371 3610 1405 3670 τὸ
1429 3610 1512 3670 πεδίον

429 3719 450 3745 “
468 3710 556 3771 ἕοντα
578 3708 742 3786 ἀξιοθέητα,
759 3709 902 3786 πρότερον
925 3710 957 3768 δὲ
981 3709 1069 3770 ἓιίθεε
1093 3710 1109 3769 ὁ
1133 3709 1264 3786 ποταμὸς
1285 3711 1346 3772 dud
1371 3711 1405 3772 τὸ
1428 3712 1512 3772 πεδίον

429 3821 449 3846 “
467 3815 526 3872 πᾶν
541 3810 723 3889 πελαγίζειν.
771 3809 809 3868 ln
827 3823 938 3870 nostra
953 3814 1114 3895 συναγωγῇ
1129 3809 1280 3893 legimus:
1307 3816 1380 3890 αὕτη
1400 3817 1446 3875 διδ
1463 3810 1512 3890 pisi

430 3923 449 3947 ‘⁶
464 3937 543 3990 ματα
563 3917 624 3974 τοῖς
646 3915 788 3986 ποταμοῖς
809 3909 972 3987 περιέβαλε
1001 3913 1117 3988 στόμια.
1165 3911 1209 3974 Et
1234 3912 1398 3976 Oedrenus
1422 3913 1511 3975 habet.

428 4024 450 4050 ‘⁶
468 4012 533 4073 Ubi
549 4032 628 4072 nove
640 4011 748 4087 στόμια
764 4010 830 4071 ἀντὶ
845 4017 903 4072 τῶν
918 4010 1074 4091 χωμάτων,
1086 4033 1181 4094 quum
1197 4015 1323 4091 στόμιον
1336 4015 1379 4077 sic
1393 4014 1512 4098 primum

427 4125 450 4151 ‘⁶
466 4115 578 4190 ἐκβολὴ
593 4117 726 4188 ποταμοῦ
742 4114 785 4175 εἰς
800 4111 969 4186 θάλασσαν,
982 4112 1095 4175 deinde
1107 4115 1258 4193 ἀνατροπὴ
1273 4121 1327 4177 τοῦ
1339 4121 1476 4194 ποταμοῦ,
1487 4122 1513 4175 ut

429 4228 449 4255 ‘⁸
467 4218 584 4279 diserte
599 4221 690 4277 extat
709 4213 741 4275 in
757 4213 955 4296 AEthiopicis
973 4214 1138 4277 Heliodori
1159 4216 1199 4277 de
1219 4216 1385 4281 obsidione
1401 4217 1512 4301 Syenes

429 4328 448 4353 “
465 4319 517 4381 ubi
534 4317 624 4379 simul
640 4324 802 4400 ponuntur
816 4322 849 4376 et
865 4315 1102 4398 distinguuntur
1118 4319 1241 4398 χώματα
1254 4318 1301 4378 καὶ
1314 4324 1432 4397 στόμια.
1464 4317 1513 4381 sed

427 4429 449 4455 ‘⁸
464 4419 517 4481 illa
532 4421 656 4500 χώματα
670 4441 690 4481 a
703 4418 911 4480 Semiramide
926 4418 1079 4490 excitata,
1090 4428 1123 4481 et
1140 4418 1336 4501 Babylonem
1351 4421 1392 4483 ab
1405 4444 1442 4483 ea
1456 4443 1515 4482 con·

428 4528 450 4557 “
466 4527 622 4582 structam
650 4527 746 4601 negat
769 4519 916 4582 Berosus.
962 4520 1133 4583 Africanus
1155 4541 1228 4582 vero
1257 4522 1291 4584 ἐυ
1314 4525 1397 4601 τρίτῃ
1424 4549 1516 4605 xpum

427 4630 449 4657 “
464 4626 600 4701 γροφιῶυ
615 4620 725 4683 scribit
741 4621 810 4682 illos
826 4644 959 4705 aggeres
975 4622 1052 4684 &cd
1076 4645 1105 4705 p.
1128 4626 1174 4684 16.
1190 4623 1361 4685 Acimcdc.

469 4722 552 4786 Ibid.
568 4722 587 4783 l.
605 4724 635 4783 8.
654 4724 759 4785 τούτου
783 4722 912 4803 θυγάτηρ
930 4723 1017 4806 loire]
1041 4723 1171 4805 Corrige
1185 4722 1244 4796 Ἰὼ,
1261 4724 1353 4807 cujus
1373 4727 1518 4808 genitivus

427 4826 554 4909 quidem
570 4831 619 4886 est
630 4824 713 4889 Ἰοῦς.
758 4824 794 4886 Io
810 4832 843 4888 et
858 4825 900 4887 ab
918 4824 1085 4887 Herodoto
1100 4824 1153 4886 lib.
1171 4824 1196 4884 Ι.
1210 4846 1279 4908 ουρ.
1298 4845 1324 4886 1.
1340 4840 1374 4888 et
1389 4850 1409 4889 a
1424 4827 1518 4909 pleris

426 4949 487 5009 que
511 4925 620 4988 Inachi
644 4925 709 4988 filia
731 4925 866 4999 dieitur;
890 4927 946 4988 sed
972 4936 1080 4988 tamen
1108 4926 1149 4988 ab
1178 4925 1340 5000 Acusilu0‚
1365 4929 1455 5012 cujus
1478 4928 1519 4989 hic

425 5030 568 5092 meminit
585 5027 766 5100 Africanum
784 5035 816 5089 et
832 5028 873 5088 ab
891 5027 1045 5096 Hesiodo,
1061 5025 1114 5088 alii
1130 5026 1215 5108 patri
1231 5027 1357 5090 tributu
1372 5029 1486 5104 fuerat,
1499 5027 1518 5089 si

427 5129 612 5215 Apollodori
638 5127 851 5211 Epimuratori
878 5128 1070 5189 eredendum
1093 5135 1142 5189 est
1164 5127 1233 5190 init.
1250 5127 1304 5191 lib.
1321 5130 1355 5192 ii.
1404 5133 1519 5208 Κάστωρ

425 5230 467 5301 δὲ,
484 5226 632 5308 inquit‚d
657 5225 837 5305 συγγράψας
860 5230 895 5288 τὰ
918 5229 1043 5306 χρονικὰ
1066 5225 1248 5306 ιἰγυοήματα,
1266 5229 1314 5291 καὶ
1337 5231 1449 5293 πολλοὶ
1470 5235 1519 5294 mir
