3917 6467
695 1101 743 1165 IN
766 1101 988 1168 AFRICANI
1012 1102 1258 1168 CHRONIOA.
1464 1106 1527 1173 429

470 1269 508 1332 Ρ.
525 1286 598 1354 273.
613 1268 633 1331 l.
650 1270 680 1333 6.
694 1270 868 1355 βασιλείας]
891 1270 943 1333 Ex
962 1269 1098 1354 Syacello
1120 1277 1218 1354 atque
1233 1268 1359 1334 Esuedii
1376 1271 1453 1335 MS.
1469 1292 1527 1355 pro

423 1371 581 1450 βασιλέως
594 1369 656 1433 hoc
668 1371 769 1454 posui.
804 1370 892 1435 Infra
907 1372 1000 1435 simili
1015 1371 1048 1435 in
1062 1371 1132 1436 loco
1146 1394 1176 1456 p.
1194 1388 1267 1453 272.
1282 1372 1302 1434 l.
1317 1390 1349 1457 3.
1365 1374 1528 1451 βασιλείας

424 1478 528 1536 extat.
574 1470 722 1536 Firmant
736 1472 821 1535 codd.
837 1474 967 1559 quiaque
986 1473 1215 1557 Goissordioai.

471 1572 554 1636 lbid.
580 1572 603 1634 l.
632 1590 661 1655 7.
687 1574 737 1652 ἔτη
767 1573 858 1656 σιζ’.]
888 1575 1030 1640 Exhibet
1056 1575 1218 1661 Syncellus
1244 1574 1311 1638 σιε’.
1337 1596 1376 1638 ac
1405 1597 1529 1659 semper

425 1677 575 1761 deinceps
597 1676 692 1761 ασλε’.
707 1699 766 1761 pro
788 1678 926 1741 numeris
949 1678 1050 1763 ᾳσλζ’.
1096 1679 1205 1744 Pauca
1227 1680 1294 1743 haec
1316 1680 1413 1743 verba
1431 1682 1527 1745 Euse-

425 1778 529 1843 dioais
544 1779 609 1842 suis
627 1801 791 1864 nusquam,
807 1782 892 1863 quod
913 1780 1020 1852 sciam,
1037 1779 1177 1865 Scaliger
1197 1781 1340 1857 inseruit,
1356 1782 1412 1845 sed
1432 1783 1464 1845 in
1484 1784 1529 1847 al-

425 1882 506 1946 teris
519 1880 659 1965 numeris
673 1880 779 1965 ασλζ’.
795 1882 920 1946 variant
932 1882 1029 1966 ipsius
1042 1882 1240 1967 Syncelliana
1251 1892 1412 1967 excerpta.
1445 1883 1529 1947 Vide

428 1984 579 2048 Chronica
594 1983 712 2047 Euseb.
729 2005 758 2068 p.
777 2002 793 2045 α
796 2004 827 2066 5.
845 1994 878 2048 et
894 1985 1059 2048 Aaimodc.
1074 2007 1127 2070 pp.
1145 2005 1195 2049 αα.
1211 1992 1245 2049 et
1267 2003 1316 2049 αα.
1362 1984 1449 2048 Nata
1474 2006 1530 2048 au-

426 2094 493 2151 tem
508 2086 646 2151 varietas
661 2103 763 2149 estex
781 2086 1019 2149 enumeratione
1039 2108 1110 2170 quae
1130 2086 1274 2169 sequitur
1293 2108 1448 2150 annorum
1468 2086 1529 2149 sin-

424 2188 573 2273 gulorum
588 2188 672 2252 inter
689 2188 803 2250 Mosen
818 2197 851 2251 et
866 2187 1063 2271 captivitatis
1077 2188 1182 2251 finem.
1430 2245 1437 2258 .

471 2289 553 2353 lbld.
569 2290 589 2353 l.
605 2292 633 2352 8.
650 2289 809 2373 ἀναφέροι]
830 2288 936 2374 Vulgo
951 2289 1105 2371 ἀναφέρει,
1118 2290 1173 2353 sed
1186 2287 1312 2353 Ενενάίί
1323 2290 1396 2353 MS.
1407 2297 1440 2352 et
1452 2290 1529 2372 Syrt-

425 2390 518 2454 ccllus
541 2389 697 2470 ἀνάφεραι,
720 2390 773 2473 qui
798 2390 925 2473 quidem
944 2389 1106 2473 Syncellus
1125 2396 1260 2475 praestat
1278 2396 1391 2474 postea
1412 2389 1530 2470 εὑρήσει

425 2513 486 2576 pro
502 2494 678 2573 εὑρίσκεται.
726 2491 873 2555 Firmant
888 2492 1018 2576 quiaque
1028 2491 1112 2555 codd.
1130 2492 1355 2575 Gadfordimri.

470 2592 554 2656 Ibid.
566 2594 822 2680 ἐπιλογιζόμενος]
839 2593 951 2657 Habet
967 2593 1126 2676 Syncellcs
1141 2596 1400 2675 ἀναλογιζόμενος,
1410 2601 1444 2658 ct
1455 2615 1530 2657 mox

426 2697 595 2776 ἀναλογίαν
610 2716 668 2779 pro
683 2695 841 2758 ἀνάλυσιν.
888 2694 951 2758 Sed
966 2695 1084 2759 rectius
1099 2693 1259 2759 Eusebius.

472 2795 555 2859 Ibid.
571 2795 592 2858 l.
609 2816 640 2878 9.
656 2801 693 2859 τὰ
711 2793 832 2881 ασλζ’.]
858 2796 1041 2860 Articulum
1064 2797 1173 2860 addidi
1199 2819 1239 2861 ex
1254 2795 1399 2881 Syacella
1416 2796 1469 2881 qui
1493 2804 1531 2861 ut

427 2899 525 2960 modo
539 2897 614 2971 dixi,
630 2919 778 2960 numeros
795 2896 889 2981 ουλε.
905 2898 1014 2961 habet.

473 2997 556 3062 Ibid.
572 2998 593 3060 l.
616 3019 661 3082 13.
679 2998 712 3064 ὃς
734 2999 851 3062 ἔκτισεν
865 2998 1041 3083 Ἐλευσῖνα]
1061 2998 1231 3084 Scripsisse
1252 3000 1445 3063 Pausaniam
1468 3022 1531 3064 non

426 3100 469 3164 ab
494 3099 615 3184 Ogyge,
632 3100 688 3162 sed
713 3099 755 3163 ab
772 3099 920 3163 Eleusine
936 3100 1056 3185 Ogygia
1077 3099 1153 3174 filio,
1169 3101 1329 3165 conditam
1351 3124 1420 3165 csse
1437 3102 1531 3166 Eleu-

427 3201 541 3276 sinem,
555 3210 649 3264 notat
664 3201 805 3286 Scaliger
819 3201 861 3264 ad
879 3202 1028 3265 Chronico
1042 3201 1151 3266 Ειιισά.
1167 3225 1198 3287 p.
1216 3222 1267 3267 20.

473 3303 556 3367 Ibid.
576 3303 596 3366 l.
628 3322 673 3387 15.
697 3305 807 3383 Ὀλίγα
830 3305 863 3366 δὲ
885 3305 996 3367 τούτων
1020 3306 1053 3367 ἐν
1076 3303 1248 3385 Ἀσσυρίοις
1274 3306 1344 3387 ἀλα]
1372 3305 1455 3369 Haec
1477 3306 1531 3369 dc·

427 3404 547 3489 sumpsi
563 3426 664 3489 usque
678 3404 797 3479 odilla,
811 3408 870 3467 Καὶ
881 3410 1012 3467 τοσαῦτα
1022 3408 1079 3484 μὲν
1089 3405 1146 3486 πρὸ
1158 3408 1290 3487 Ὠγύγου
1301 3407 1358 3470 &a
1372 3429 1444 3491 pag.
1458 3424 1530 3487 274.

427 3505 447 3570 l.
464 3528 496 3586 9.
511 3528 552 3568 ex
567 3505 701 3589 Syncelli
722 3505 968 3591 Ολνοαορναρλία
983 3529 1055 3592 pag.
1071 3509 1123 3585 64.
1140 3529 1212 3571 cum
1227 3508 1392 3592 praeterita
1406 3510 1474 3573 lraec
1489 3509 1530 3573 ab

428 3607 569 3671 Eusebio
592 3606 726 3670 fuissent
748 3606 780 3668 in
796 3607 904 3690 Ρναρ.
921 3608 1042 3691 Εοααρ.
1059 3607 1112 3690 qui
1135 3608 1242 3692 posuit
1263 3617 1336 3693 post
1358 3611 1455 3674 verba
1478 3610 1531 3688 τὴν

426 3706 565 3785 Ἀττικὴν
579 3709 806 3790 χρονογραφίαν
821 3708 917 3785 istud,
935 3710 994 3771 Kal
1010 3708 1074 3787 μεθ’
1091 3710 1189 3790 ἕτερα,
1203 3718 1367 3795 resumpta
1387 3712 1531 3775 oratione

427 3831 500 3873 cum
523 3808 593 3883 illis,
618 3810 665 3872 καὶ
688 3815 819 3872 τοσαῦτα
840 3813 897 3890 μὲν
921 3811 977 3891 πρὸ
993 3810 1135 3891 Ὠγύγου.
1182 3811 1371 3876 Gallandius
1398 3834 1473 3876 vcro
1498 3813 1531 3876 in

427 3908 614 3973 Bibliotheca
628 3931 687 3973 sua
702 3912 838 3973 Petrum
852 3911 940 3975 istaec
957 3910 1092 3995 Syncelli
1108 3912 1257 3996 neglexit.

473 4011 554 4073 lbid.
571 4011 590 4073 l.
612 4015 658 4074 16.
674 4018 788 4092 πρῶτος
805 4012 875 4093 ἦρξε
897 4019 989 4078 Νῖνος
1010 4015 1079 4097 δια]
1104 4013 1261 4077 Eusebius
1282 4014 1373 4079 initio
1391 4015 1533 4078 Odroaici

428 4114 476 4177 sui
495 4114 629 4177 Ouaunia
648 4115 774 4198 proprie
794 4115 838 4178 sic
854 4115 948 4179 dicti:
983 4116 1112 4178 Primus
1134 4117 1329 4198 Αυυγνὶοιιιυι
1346 4139 1401 4181 rec
1423 4119 1532 4181 Ninos

428 4216 501 4279 Beli
510 4216 606 4299 filias
629 4218 767 4300 ναρααοίί
789 4217 871 4279 orani
892 4218 988 4293 Asia,
1007 4218 1135 4302 exerptis
1156 4219 1247 4282 ludia
1272 4241 1367 4283 ααυοο
1389 4243 1440 4284 ur.
1487 4220 1532 4284 Et

428 4327 515 4382 recte
530 4319 655 4381 Goarus
670 4319 712 4381 ad
727 4341 826 4404 marg.
843 4320 987 4402 ιδ’γυοοίίί,
1003 4342 1062 4404 pro
1077 4320 1157 4384 ἔτεσι
1172 4322 1208 4383 τ’.
1224 4321 1365 4405 reposuit
1385 4343 1533 4385 numeros

429 4416 488 4497 νβ.
534 4418 651 4483 (lonfer
665 4425 732 4482 not.
747 4441 844 4503 supra
859 4442 890 4504 p.
906 4441 982 4501 409.
998 4421 1037 4483 de
1053 4419 1146 4483 Nino.

474 4519 558 4582 Ibid.
576 4524 748 4586 Νῖνος-οὖ
769 4522 848 4584 πολὺ
870 4523 1016 4602 πρότερον
1029 4521 1179 4608 Ὠγύγου]
1206 4523 1252 4585 Οὐ
1275 4523 1353 4586 πολὺ
1377 4525 1531 4603 πρότερον,

429 4622 519 4704 (nam
534 4622 653 4704 optime
668 4643 751 4684 nunc
766 4622 891 4686 addidit
908 4623 1095 4706 particulam
1108 4624 1142 4685 οὐ
1153 4646 1192 4686 ex
1207 4624 1302 4687 MSto
1309 4625 1417 4708 priore
1429 4625 1531 4687 Paria

429 4722 621 4805 Spacclliom
644 4722 855 4805 Dindorfius,)
877 4723 909 4785 h.
925 4731 986 4799 est,
1002 4745 1103 4786 anuos
1129 4723 1255 4787 circiter
1274 4744 1344 4809 150,
1361 4725 1532 4788 seeundum

429 4824 574 4888 Africani
596 4824 747 4900 rationes,
764 4825 817 4907 qui
840 4825 921 4915 libro
947 4824 1008 4889 hoc
1034 4825 1131 4888 tertio
1157 4826 1261 4909 operis
1286 4828 1333 4890 sui
1360 4832 1531 4900 statuerat,

428 4947 562 5011 regnum
586 4925 720 5008 coepisse
742 4925 935 5009 Argivorum
961 4947 1046 4989 anno
1073 4927 1288 4990 ducentesimo
1314 4926 1531 5010 Assyriorum.

431 5029 503 5091 Vid.
520 5027 613 5090 Num.
629 5026 772 5110 proxime
790 5034 985 5110 sequentem.
1032 5026 1218 5090 Phoroneus
1237 5035 1345 5091 autem
1366 5049 1421 5090 rex
1437 5028 1532 5113 Argi·

430 5151 541 5193 vorum
556 5128 721 5203 sccundus,
738 5149 832 5211 quem
847 5128 975 5211 quidem
989 5129 1142 5211 aequalem
1156 5129 1326 5193 Africanus
1340 5151 1436 5214 supra
1450 5129 1533 5194 dixit

431 5230 562 5317 Ogygio,
576 5230 660 5314 patri
675 5230 794 5294 lnaclro
804 5237 877 5313 post
892 5251 1023 5314 regnum
1035 5251 1190 5293 annorum
1201 5250 1254 5312 50.
1267 5231 1434 5307 successit3
1450 5231 1532 5296 sicut
