3917 6467
479 1076 545 1146 ὅθ
803 1084 1052 1163 RELIQUIAE
1078 1082 1254 1148 SACRAE.

479 1243 655 1342 λε’μησαυ·
690 1237 742 1321 ὧν
766 1242 886 1340 ἡγεῖτο
904 1242 1218 1347 ιΧοδολλαγομὸρ
1243 1239 1422 1339 βασιλεύς
1451 1237 1594 1338 Αίλάμ»

480 1375 688 1471 συνέβαλον
708 1375 747 1457 δὲ
770 1375 870 1480 παρὰ
894 1377 961 1478 τὴν
986 1377 1185 1459 θάλασσαν
1209 1376 1275 1477 τὴν
1300 1373 1454 1475 ἁλυκὴν,
1475 1373 1502 1473 ἦ
1521 1408 1590 1453 κα·

481 1519 595 1592 λεῖται
633 1521 697 1593 νῦν
733 1511 911 1593 θάλασσα
944 1511 1059 1616 νεκρά·
1102 1517 1141 1595 ἐν
1170 1514 1281 1618 ταύτῃ
1317 1519 1486 1594 πλεῖστα
1518 1518 1594 1591 τῶν

482 1648 693 1746 θαυμασίων
710 1647 886 1746 τεθέαμαι.
916 1647 1016 1751 ζώων
1031 1683 1068 1729 τε
1086 1648 1158 1752 γὰρ
1176 1648 1277 1729 οὐδὲν
1295 1651 1407 1729 ἐκεῖνο
1423 1646 1472 1727 τὸ
1493 1648 1593 1751 ὕδωρ

482 1784 592 1890 φέρει.
624 1789 682 1864 καὶ
709 1788 824 1888 νεκροὶ
851 1785 916 1880 μὲν
945 1787 1157 1892 ὑποβρύχιοι
1182 1786 1362 1893 φέρονται·
1393 1782 1528 1886 §tima
1552 1781 1615 1865 32⁵

483 1920 556 1999 ούδ
581 1917 626 1998 ἂν
654 1920 783 2026 ῥᾳδίως
811 1920 1066 2014 βαπτίσαιντο·
1096 1919 1222 2026 λύχνοι
1251 1919 1379 2020 δέμέν
1404 1918 1590 2018 καιόμενοι

482 2055 720 2160 ἐπιφέρονται,
737 2054 971 2152 σβεννύμενοι
989 2055 1027 2134 δέ
1046 2055 1295 2137 καταδύουσιν.
1317 2059 1479 2135 ἐνταῦθα
1497 2057 1592 2135 εἰσὶν

483 2192 520 2267 ai
538 2192 602 2286 τῆς
621 2186 816 2296 ἀσφάλτου
838 2190 962 2288 πηγαί·
994 2188 1093 2294 φέρει
1117 2188 1156 2270 δὲ
1178 2191 1402 2294 στιπττηρίαν
1426 2193 1489 2268 καὶ
1515 2185 1588 2268 ἅλα

484 2323 611 2425 ὀλίγον
633 2356 668 2402 τι
694 2329 767 2402 τῶν
794 2323 922 2404 ἄλλων
945 2323 1174 2430 διαφέροντα·
1203 2326 1312 2429 πικρά
1337 2359 1377 2404 τε
1404 2322 1481 2427 γὰρ
1509 2327 1587 2404 ἐστὶ

485 2462 545 2538 καὶ
569 2463 710 2560 διαυγῆ.
742 2458 826 2539 ἔνθα
855 2462 886 2537 δ
917 2456 963 2537 ἂν
990 2459 1126 2564 καρπὸς
1155 2464 1291 2567 εὑρεθῇ,
1309 2459 1449 2541 κάπνου
1472 2461 1605 2540 πλέονι

488 2597 689 2697 εὑρίσκεται
717 2594 975 2700 θολερωτάτου.
1008 2595 1050 2675 τὸ
1075 2594 1113 2676 δὲ
1138 2597 1231 2698 ὕδωρ
1257 2602 1349 2674 ἰᾶται
1374 2593 1458 2678 τούς
1486 2628 1581 2699 χρω-
1632 2598 1635 2611 ’

484 2729 611 2828 με’νουτ
629 2733 735 2837 αὐτῷ.
759 2729 862 2833 λήγει
880 2765 919 2811 τε
936 2736 1044 2812 παντὶ
1067 2731 1168 2809 ὕδατι
1191 2730 1338 2834 πάσχον
1362 2729 1410 2809 τὰ
1432 2731 1583 2809 ἐναντία·

486 2862 571 2945 είδέ
596 2865 646 2965 μὴ
664 2866 847 2969 Ἰορδάιογν
871 2865 942 2972 εἶχε
968 2865 1031 2946 τὸν
1056 2865 1221 2964 ποταμὸν
1247 2862 1398 2970 τροφὴν,
1416 2868 1467 2949 ὡς
1491 2899 1578 2968 παρ·
1668 2870 1673 2887 ’

486 2997 606 3104 φύραν
641 3000 871 3105 διατρέχοντα
907 3003 965 3080 καὶ
1002 3002 1058 3079 ἐπὶ
1089 2999 1187 3078 πολύ
1221 2999 1424 3102 ἀντέχοντα,
1458 2997 1582 3105 ἔληξεν

488 3131 535 3214 ἂν
562 3140 694 3214 θᾶττον
724 3132 748 3235 ἢ
780 3136 953 3240 φαίνεται.
991 3134 1070 3214 ἔστι
1103 3133 1141 3213 δὲ
1172 3140 1259 3237 παρ’
1290 3134 1379 3238 αύτῄ
1409 3133 1621 3232 πάμπολυις

486 3279 551 3350 τοῦ
593 3269 793 3367 βαλσάμου
837 3269 962 3374 φυτόν.
1012 3272 1209 3350 ὑπονοεῖται
1246 3269 1285 3349 δὲ
1321 3269 1581 3377 ἀνατετράφθαι

488 3406 556 3486 ὑπὸ
585 3415 649 3485 τοῦ
680 3412 776 3486 Θεοῦ
808 3405 867 3485 διὰ
899 3404 965 3505 τὴν
997 3413 1069 3486 τῶν
1100 3405 1372 3507 περιοικούντων
1402 3407 1579 3500 ἀσέβειαν.

489 3542 604 3600 Extant
616 3542 677 3600 hene
691 3540 768 3617 apud
784 3542 943 3619 Georgium
960 3541 1087 3621 Syncell.
1105 3562 1169 3620 pag.
1191 3561 1254 3598 ιοο.
1272 3542 1477 3617 (Τίναιορναρλ.

489 3756 668 3834 dollagomor
683 3776 734 3815 rex
746 3756 831 3814 Elam
843 3756 952 3814 bellum
967 3758 1012 3814 in·
1063 3776 1187 3832 cumque
1201 3757 1276 3814 cirea
1290 3777 1352 3816 eam
1370 3757 1487 3815 fruetus
1505 3776 1583 3815 enas-

490 3837 633 3903 tulerunt,
648 3836 728 3895 etad
745 3857 824 3895 mare
843 3837 919 3905 salis,
935 3858 1013 3896 nunc
1063 3838 1139 3895 citur
1153 3835 1271 3894 turbido
1287 3848 1401 3895 tantum
1422 3837 1506 3895 fumo
1524 3847 1582 3894 tur·
1592 3853 1625 3893 ιο

490 3928 648 3982 mortuum,
668 3937 771 3975 manus
793 3931 1012 3977 conseruerunt.
1062 3928 1121 3995 get.
1165 3918 1252 3993 Aqua
1278 3917 1339 3975 baec
1361 3919 1515 3976 utentibus
1536 3915 1583 3976 ad·

492 3998 526 4054 Iu
548 3998 605 4055 isto
624 3997 695 4055 mari
715 3997 927 4076 quamplurima
946 4019 1013 4076 por.
1065 3997 1182 4054 modum
1216 3997 1338 4055 salubris
1365 4009 1421 4064 est,
1448 4018 1483 4056 ac
1510 4016 1585 4055 more

490 4088 573 4136 tenta
583 4078 645 4134 visu
658 4078 745 4155 digna
755 4078 914 4136 observavi.
936 4078 1015 4136 Nul.
1065 4078 1185 4136 cuilibet
1202 4097 1283 4153 aque
1302 4079 1447 4136 contrario
1461 4079 1584 4136 exsinu-

491 4157 550 4215 lum
571 4158 701 4215 animans
724 4159 818 4215 nutrit
838 4159 902 4234 ejus
920 4178 1013 4234 aqua;
1065 4169 1130 4216 tur:
1153 4169 1183 4215 et
1198 4158 1252 4215 nini
1267 4158 1425 4217 Jordanem
1443 4158 1481 4216 ad
1500 4159 1586 4216 instar

491 4248 521 4296 et
543 4248 658 4296 mortua
682 4239 798 4315 quidem
825 4238 960 4297 cadavera
985 4239 1014 4295 in
1066 4239 1182 4296 conchae
1197 4239 1352 4296 nutritium
1371 4249 1402 4296 et
1416 4239 1626 4313 continuamus

491 4339 553 4376 eam
578 4317 637 4375 cito
658 4331 840 4396 merguntur,
858 4319 924 4376 viva
947 4339 1016 4376 vero
1067 4319 1215 4376 humorem
1243 4318 1512 4377 subministrantem
1539 4319 1588 4377 ha-

491 4418 611 4477 corpora
632 4409 760 4466 enatant,
782 4419 835 4458 nec
858 4399 948 4457 imum
972 4399 1014 4456 fa·
1067 4399 1157 4465 beret,
1172 4419 1205 4457 ac
1219 4398 1300 4457 velut
1318 4399 1523 4458 exsiccationis
1540 4419 1589 4478 pe·
1674 4462 1675 4466 ,

491 4477 546 4537 nile
568 4489 690 4556 petunt:
719 4479 809 4538 Faces
830 4478 964 4537 ardentes
986 4479 1015 4535 in
1067 4479 1159 4536 riculo
1181 4480 1380 4545 obsistentem,
1394 4479 1484 4538 citius
1505 4498 1588 4557 quam

491 4578 525 4616 ea
558 4578 671 4616 sursum
705 4560 849 4625 feruntur.
879 4561 1017 4618 extincte
1068 4558 1209 4626 videatur,
1219 4558 1382 4618 defecisset.
1401 4559 1591 4638 circumqua-

492 4650 673 4717 merguntur.
709 4640 853 4699 lneadem
864 4640 1017 4699 bituminis
1067 4660 1124 4716 que
1139 4660 1196 4697 non
1210 4640 1329 4698 minima
1346 4639 1466 4699 balsami
1486 4639 1592 4718 planto

491 4719 573 4796 origo
595 4728 625 4777 et
644 4720 773 4778 officina:
796 4721 932 4800 producit
952 4720 1016 4778 alu·
1067 4721 1149 4798 copia
1170 4731 1224 4786 est,
1242 4740 1327 4797 quam
1349 4720 1468 4799 quidem
1491 4722 1530 4780 ob
1551 4718 1593 4779 ri·

492 4818 568 4867 men,
583 4810 613 4858 et
627 4820 751 4878 paucum
769 4802 867 4870 salem,
883 4799 1016 4858 nonnihil
1067 4802 1197 4858 cinorum
1207 4800 1366 4859 incolarum
1375 4802 1592 4880 improbitatem

492 4900 509 4936 a
540 4880 660 4956 reliquis
690 4881 783 4941 disere
821 4883 892 4946 ntia,
921 4901 1018 4939 amara
1067 4881 1158 4939 aDeo
1168 4880 1270 4939 dicunt
1282 4880 1465 4961 profligatam
1479 4883 1595 4961 penitus

492 4971 561 5017 sunt
586 4962 663 5018 enim
686 4973 716 5019 et
745 4982 780 5038 pe
793 4961 898 5020 lucida.
943 4961 1015 5020 Ubi·
1068 4972 1097 5019 et
1110 4962 1293 5040 extirpatum.

925 5159 939 5188 t
951 5149 1013 5197 Gen.
1027 5149 1075 5195 xiv.
1087 5163 1111 5208 9.
1128 5163 1163 5197 ro.
