3917 6467
451 1093 517 1159 226
774 1096 1021 1174 RELIQUIAE
1047 1093 1224 1158 SACRAE.

453 1262 530 1357 Τῆς
547 1256 619 1359 γὰρ
639 1257 836 1357 Σωσάννης
859 1260 1049 1338 ἀποθανεῖν
1074 1255 1362 1354 κεκελευσμείνης,
1380 1252 1548 1353 πνεύματι

455 1394 607 1495 ληφθεὶς
625 1391 645 1466 ὁ
663 1387 853 1494 προφήτης
870 1389 1073 1494 ἐξεβόησεν,
1093 1395 1142 1474 ὡς
1167 1391 1296 1474 ἀδίκως
1319 1390 1343 1488 ἡ
1367 1387 1551 1496 ἀπόφασις

456 1521 540 1627 ἔχοι.
571 1529 715 1625 πρῶτον
734 1525 796 1602 οὖν
821 1524 875 1603 ὅτι
898 1522 1041 1624 Δανιὴλ
1065 1525 1171 1631 ἄλλῳ
1192 1522 1315 1630 τρόπῳ
1340 1521 1552 1627 προφητεύει

457 1655 615 1762 ὁράμασι
645 1663 704 1738 καὶ
738 1661 884 1762 ὀνείροις
909 1657 968 1738 διὰ
995 1658 1130 1743 παντὸς
1156 1666 1288 1759 καιροῦ,
1310 1660 1370 1736 καὶ
1398 1656 1553 1758 ἄγγελον

458 1794 661 1901 ἐπιφανείας
698 1793 876 1898 τυγχάνει·
920 1797 1007 1873 ἀλλ’
1039 1796 1102 1874 οὐκ
1138 1796 1302 1898 ἐπιπνοίᾳ
1337 1796 1635 1897 προφητικῇξι,
1668 1829 1675 1884 l

458 1930 578 2010 ἔπειτα
595 1929 687 2029 μετὰ
703 1929 745 2010 τὸ
770 1930 978 2028 θαυμασίως
1002 1964 1080 2012 πως
1104 1932 1216 2011 οὕτως
1239 1926 1552 2034 ἀποφθεηξιτσθυι·

460 2067 517 2142 καὶ
534 2062 807 2170 παραδοξότατα
823 2098 900 2146 πως
918 2061 1046 2147 αὐτοὺς
1066 2065 1137 2162 (for.
1156 2064 1286 2145 αίτίονς
1299 2078 1358 2136 vid.
1374 2071 1452 2161 not.)
1472 2062 1553 2139 ἀπε-

460 2198 592 2302 λέγχει,
611 2203 659 2282 ὡς
677 2199 756 2277 οὐδὲ
777 2202 849 2297 (for.
869 2202 917 2282 ὡς
940 2200 1015 2276 οὐδ’
1035 2199 1071 2302 ὁ)
1099 2197 1337 2278 Φιλιστίωνος
1365 2201 1486 2292 μῖμος.
1516 2195 1555 2271 ori

460 2332 532 2435 γὰρ
550 2332 689 2440 ἐξήρκει
711 2335 733 2433 ἡ
758 2332 816 2415 διὰ
840 2343 904 2414 τοῦ
927 2331 1128 2431 πνεύματος
1150 2329 1351 2436 ἐπίπληξις,
1369 2329 1468 2407 Ι’ἀλλ’
1489 2328 1556 2432 ἰδίᾳ

461 2466 661 2567 διαστήσας
684 2467 847 2572 ἑκάτερον
872 2471 999 2564 αὐτῶν,
1018 2469 1133 2575 ἐρωτᾷ
1155 2474 1226 2546 ποῦ
1251 2462 1361 2562 αὐτὴν
1388 2462 1573 2543 θεάσαιτο

461 2603 693 2707 μοιχωμένην.
732 2608 780 2689 ὡς
809 2603 846 2683 δὲ
874 2606 894 2682 ὃ
922 2602 987 2702 μέν
1015 2599 1084 2682 ὑπὸ
1111 2601 1238 2703 πρίνον
1265 2600 1437 2705 ἔφασκεν,
1464 2601 1555 2678 ἀπο·

461 2739 614 2839 κρίνεται
632 2740 774 2839 πρίσειν
792 2736 900 2817 αὐτὸν
917 2737 982 2817 τὸν
1009 2738 1176 2839 ἄγγελον·
1204 2741 1256 2841 τῷ
1274 2733 1312 2814 δὲ
1337 2733 1407 2813 ὑπὸ
1433 2735 1558 2838 σχίνου

463 2871 624 2973 είρηκότι,
643 2876 841 2975 σχισθῆναι
869 2873 1134 2975 παραπλησίως
1159 2874 1308 2949 ἀπειλεῖ.
1338 2871 1376 2947 ε’ν
1404 2867 1470 2966 μὲν
1499 2869 1558 2947 οὖν

463 3006 694 3104 Ἑλληνικαῖς
723 3012 858 3110 φωναῖς
887 3006 933 3085 τὰ
962 3014 1107 3086 τοιαῦτα
1132 3007 1332 3108 ὁμοφωνεῖν
1359 3003 1558 3100 nonenim,

463 3138 562 3242 παρὰ
579 3138 646 3238 τὴν
658 3141 784 3241 πρίνου
801 3140 844 3219 τὸ
856 3142 996 3242 πρίσαι,
1009 3144 1067 3221 καὶ
1085 3140 1216 3244 σχίσαι
1228 3136 1327 3242 παρὰ
1344 3135 1410 3236 τὴν
1423 3139 1558 3241 σχίνου·

464 3277 502 3354 ἐν
521 3272 559 3355 δὲ
581 3275 808 3378 τῇἙβραίδι
829 3281 880 3381 τῷ
903 3280 1011 3355 παντὶ
1036 3275 1231 3374 διέστηκεν.
1261 3274 1305 3381 ἐξ
1320 3274 1503 3375 Ἑβραίων
1526 3271 1561 3354 δὲ

466 3418 540 3494 τοῖς
551 3409 717 3508 Ἕλλησι
749 3410 954 3510 μετεβλήθη
985 3409 1090 3489 πάνθ’
1112 3409 1185 3489 ὅσα
1207 3413 1270 3508 τῆς
1297 3409 1457 3492 παλαίας
1484 3412 1557 3488 δια·

466 3544 576 3645 θήκης
595 3544 749 3651 φέρεται.

468 3745 499 3791 et
520 3731 632 3800 fictum,
647 3730 812 3790 ostenditur
833 3743 863 3790 et
888 3731 990 3791 multis
1040 3732 1128 3791 ritum
1157 3731 1252 3800 faota;
1274 3730 1324 3790 sed
1342 3729 1484 3808 peculiari
1502 3729 1563 3786 looo

468 3813 611 3870 evincitur
645 3811 747 3870 modis.
805 3813 880 3869 Cum
911 3813 988 3870 enim
1040 3813 1196 3889 sejungens
1214 3822 1371 3887 utrumque
1394 3810 1563 3887 interrogat,
1573 3806 1667 3865 φ(-

470 3890 603 3951 Susanna
617 3891 689 3948 mori
700 3891 864 3967 juberetur,
876 3892 989 3970 Spiritu
1042 3893 1101 3949 Ubi
1110 3911 1172 3949 eam
1183 3891 1289 3949 viderit
1299 3889 1476 3949 adulterium
1488 3909 1563 3948 oom-

469 3983 571 4051 raptus
590 3971 732 4050 propheta
753 3972 932 4035 exclamavit,
948 3973 992 4028 iu·
1041 3972 1231 4030 mittentem?
1264 3991 1329 4028 cum
1358 3980 1457 4028 autem
1482 3970 1564 4037 alter,

466 4054 575 4128 justam
595 4071 657 4109 esse
677 4052 860 4110 senteutiam.
905 4051 992 4108 Unde
1042 4052 1096 4109 sub
1114 4053 1206 4126 prino,
1227 4051 1367 4119 dixisset3
1403 4048 1564 4125 respondit,

470 4132 596 4210 primum
607 4143 828 4208 argumentum:
844 4130 994 4207 quodDa-
1043 4131 1176 4190 fissurum
1200 4151 1267 4190 eurn
1292 4129 1447 4208 angelum:
1470 4129 1564 4194 alteri,

470 4209 528 4269 niel
554 4210 611 4268 ulio
632 4212 787 4288 prophetet
811 4211 907 4275 modo,
929 4210 992 4268 scil.
1043 4212 1097 4268 sub
1111 4212 1213 4275 selino,
1226 4211 1333 4269 dicenti
1344 4233 1351 4275 ς
1367 4228 1433 4267 eum
1446 4209 1565 4266 scissum
1576 4222 1633 4266 b
1658 4197 1675 4254 ·¹

471 4310 523 4369 per
541 4290 675 4355 visiones,
691 4301 721 4348 et
740 4292 891 4357 insomnia,
906 4291 994 4367 idque
1044 4291 1090 4357 iri,
1107 4291 1240 4348 similiter
1253 4290 1415 4346 minitatur.
1425 4308 1492 4365 quse
1502 4287 1566 4364 qui·

471 4370 551 4428 omni
573 4381 713 4447 tempore,
735 4382 765 4429 et
787 4373 881 4448 augeli
905 4391 992 4449 appa·
1045 4370 1156 4427 demin
1171 4370 1280 4428 Grecis
1294 4369 1422 4435 vocibus,
1435 4368 1515 4445 quod
1531 4367 1567 4425 ad

471 4450 605 4507 ritionem
625 4450 770 4508 interdum
791 4451 921 4517 obtinet3
944 4450 995 4508 sed
1046 4470 1148 4508 sonum
1163 4449 1317 4507 convenire
1331 4447 1494 4526 contingit,·
1514 4447 1567 4505 du·

471 4549 529 4586 non
549 4530 619 4587 item
639 4550 690 4607 per
704 4531 830 4588 afflatum
846 4532 993 4609 propheti·
1045 4530 1146 4599 sendo,
1176 4550 1192 4586 a
1214 4533 1297 4603 prino
1326 4528 1468 4594 fissuram,
1494 4539 1525 4586 et
1552 4548 1568 4584 a

472 4628 549 4666 eum.
584 4609 871 4688 Deinde.postquam
887 4611 992 4668 mirum
1045 4612 1137 4667 schino
1152 4611 1321 4667 scissuram:
1337 4607 1387 4665 sed
1402 4608 1433 4664 in
1446 4609 1631 4685 Hebrmg.
1662 4602 1675 4632 ⁴

472 4689 503 4745 in
518 4689 635 4746 modum
646 4690 687 4747 sic
698 4692 895 4759 exclamasset,
905 4691 992 4749 etiam
1044 4691 1144 4768 lingua
1157 4690 1219 4747 haee
1229 4689 1347 4746 omnino
1357 4687 1508 4746 differunt.
1526 4698 1569 4745 at·

473 4768 696 4828 insolentissime
729 4770 795 4827 illos
825 4770 992 4848 redarguit3
1046 4772 1096 4848 qui
1111 4791 1148 4828 ex
1165 4770 1289 4828 Hebraeo
1304 4768 1415 4826 Graecis
1434 4767 1570 4826 tradurta

474 4847 620 4924 quomodo
634 4868 687 4906 nec
697 4849 879 4908 Philistionis
890 4851 997 4907 mimus
1047 4862 1126 4917 sunt,
1148 4868 1329 4927 quacunque
1350 4849 1458 4907 veteris
1482 4859 1569 4906 testa·

473 4939 592 4987 acturus
606 4928 718 4987 fuisset.
757 4931 827 4987 Non
841 4931 918 4988 euim
934 4932 995 4988 suf·
1048 4932 1139 4989 menti
1154 4950 1215 4989 esse
1231 4929 1379 4987 dicuutur.

473 5009 584 5066 fecerat
609 5008 635 5065 ei
664 5008 828 5087 objurgatio
856 5030 907 5088 per
932 5011 997 5089 Spi·
1090 5011 1176 5078 Item,
1198 5008 1344 5088 quomodo
1365 5010 1474 5088 captivi
1495 5009 1613 5088 inter5
1634 5000 1675 5069 5

895 5173 1009 5222 *Susam
1021 5187 1126 5238 51-59.
