3917 6467
454 1071 495 1134 16
775 1071 1024 1147 RELIQUIAE
1056 1067 1234 1132 SACRAE.

452 1232 589 1290 amultis
611 1252 649 1290 ex
668 1242 732 1290 toto
750 1231 821 1289 orbe
839 1230 979 1289 fratribus
1030 1231 1093 1326 vis·
1129 1227 1331 1327 οἰκουμένης
1368 1229 1551 1332 ἀδελφοῖς·

453 1388 593 1456 eruditus,
612 1400 763 1469 peragrato
781 1390 860 1448 omni
880 1389 978 1468 Scrip·
1030 1357 1089 1432 ‘iai
1121 1360 1246 1432 πᾶσαν
1275 1354 1381 1453 ἁγίαν
1408 1352 1556 1458 γραφὴν

1210 1477 1221 1504 b
1329 1479 1338 1504 ὓ
1439 1479 1449 1504 Ι

453 1561 530 1617 turo,
558 1571 617 1608 non
649 1549 811 1608 formidabo
842 1568 900 1617 eos,
929 1548 979 1626 qui
1031 1482 1260 1634 ᾃιῖληέυθωῆ
1299 1512 1341 1557 ου
1376 1512 1557 1629 Πυξομω

1030 1613 1554 1702 επιτοιςκαταπλησσομευοις.

454 1713 537 1773 nobis
550 1713 708 1770 minantur.
743 1710 979 1769 Dixeruntenim
1031 1733 1065 1806 οἱ
1082 1727 1153 1830 γὰρ
1172 1730 1258 1827 ἐμοῦ
1280 1728 1434 1831 μείζονες
1458 1728 1582 1831 &pb—5

455 1866 577 1945 majores
591 1865 668 1923 mei:
690 1863 818 1923 Obedire
833 1862 899 1922 Deo
918 1883 979 1920 ma-
1031 1887 1128 1950 κασι,
1152 1859 1370 1956 ιπειθαρχεῖν
1394 1858 1449 1933 δεῖ
1473 1859 1558 1959 Θεῷ

454 2006 499 2084 gis
512 2016 639 2085 oportet,
654 2027 740 2083 quam
755 2005 930 2064 hominibus.
1029 1985 1175 2074 μᾶλλον
1193 1977 1215 2076 ἢ
1234 1976 1446 2081 ἀνθρώποις.

486 2182 488 2191 ,
510 2106 715 2208 Ἐδυνοὶμηυ
734 2108 772 2187 δὲ
790 2115 862 2187 τῶν
880 2108 1087 2189 ἐπισκόπων
1100 2117 1173 2189 τῶν
1190 2110 1454 2211 συμπαρόντων
1466 2146 1558 2209 μνη-

455 2253 638 2344 μονεῦσαι,
661 2245 723 2327 οὓς
750 2247 846 2342 ὑμεῖς
873 2245 1055 2350 ἠξιώσατε
1082 2251 1347 2345 μετακληθῆναι
1376 2248 1433 2326 ὑπ’
1460 2249 1557 2345 ἐμοῦ,

455 2383 514 2460 καὶ
532 2377 839 2480 μετεκαλεσοῖμηυ·
872 2377 922 2459 ὧν
940 2380 987 2460 τὰ
1004 2381 1163 2479 ὀνόματα
1188 2380 1251 2460 ἐὰν
1272 2380 1414 2487 γράφω,
1433 2381 1606 2461 πολλοὶΙο

455 2516 580 2617 πλήθη
600 2520 704 2596 εἰσίν.
739 2523 771 2595 oi
797 2516 833 2595 δὲ
858 2515 992 2601 ἰδόντες
1017 2517 1081 2596 τὸν
1103 2515 1230 2619 μικρόν
1255 2551 1325 2614 μου
1349 2516 1556 2619 ἅνθραπτον,

456 2652 733 2753 συνηυδόκησαν
750 2657 796 2756 τῇ
814 2638 1004 2757 ἐπιστολῇ·
1027 2652 1157 2736 εἰδότες
1175 2652 1231 2732 ὅτι
1248 2657 1322 2751 simi
1339 2651 1470 2736 πολιὰς
1495 2656 1559 2732 οὐκ

456 2789 599 2889 ἤνεγκα,
622 2785 721 2865 ἀλλὰ
748 2789 786 2864 ἐν
815 2787 938 2893 Κυρίῳ
955 2789 1080 2885 Ἰησοῦ
1107 2786 1260 2881 πάντοτε
1288 2788 1557 2887 πεπολίτευμαι.

457 2923 572 2983 Attulit
585 2922 647 2981 hoec
662 2922 809 2981 Eusebius
822 2920 872 2980 lib.
887 2943 915 2979 v.
932 2923 1006 2981 Hist.
1022 2943 1085 3001 cap.
1103 2941 1150 2995 24·

457 3145 604 3186 sermones
614 3145 691 3204 saepe
699 3125 882 3202 oontuli‚qui
891 3126 982 3204 scrip.
1032 3127 1154 3193 tionem,
1180 3146 1253 3220 quos
1280 3128 1406 3206 petiistis
1427 3138 1463 3186 ut
1487 3148 1608 3209 oon-15

457 3217 553 3265 turum
583 3225 691 3264 sacram
720 3225 834 3263 omnem
862 3205 982 3283 perlegi,
1033 3226 1174 3272 vocarem,
1187 3217 1263 3265 sicut
1277 3217 1308 3265 et
1322 3207 1387 3266 feci.
1423 3207 1559 3278 Quorum

458 3285 532 3345 nihil
552 3305 670 3344 moveor
692 3284 728 3344 iis
749 3305 814 3361 qum
838 3285 922 3344 nobis
946 3284 984 3344 od
1033 3285 1152 3343 nomino
1186 3286 1211 3344 si
1239 3286 1427 3364 adscripsero,
1455 3288 1560 3365 ingens

458 3364 644 3423 formidinem
675 3365 867 3424 intentantur.
927 3366 982 3424 Et·
1034 3384 1173 3425 numerus
1186 3365 1343 3425 videbitur.
1379 3368 1420 3424 Hi
1434 3386 1500 3425 cum
1511 3387 1558 3426 me

461 3445 538 3504 euim
552 3447 589 3503 nb
605 3444 663 3503 illis
682 3445 733 3522 qui
752 3464 798 3503 me
817 3445 903 3523 longe
921 3465 983 3503 mo·
1035 3444 1173 3524 pusillum
1203 3445 1349 3504 hominem
1381 3447 1557 3516 invisissent,

456 3524 984 3602 joreserant‚dictumscio;0bedire
1033 3525 1184 3604 epistolam
1210 3537 1338 3584 nostrum
1362 3546 1479 3585 assensu
1505 3546 1612 3591 suooo

459 3615 576 3680 oportet
604 3606 669 3664 Deo
696 3605 787 3682 magis
814 3624 900 3682 quum
930 3606 984 3662 bo.
1034 3605 1268 3683 oomprobnrunt‚
1292 3607 1374 3683 gnari
1399 3626 1445 3665 me
1472 3627 1559 3665 conos

460 3685 597 3744 minibus.
1034 3685 1106 3742 istos
1120 3704 1179 3742 non
1193 3686 1301 3743 frustra
1315 3696 1437 3764 gesture,
1449 3686 1500 3744 sed
1515 3687 1558 3743 vi·

503 3765 621 3824 Possem
656 3766 743 3824 etium
783 3765 983 3844 episcoporum
1035 3775 1094 3821 tam
1119 3785 1153 3822 ex
1179 3766 1330 3844 proeceptis
1358 3766 1559 3844 institutisque

461 3846 511 3922 qui
534 3865 647 3904 mecum
676 3856 755 3913 sunt,
784 3845 879 3904 fucere
903 3864 985 3903 men.
1036 3844 1109 3903 Jesu
1124 3845 1234 3904 Christi
1249 3866 1361 3925 semper
1375 3846 1476 3923 egisse.

924 4056 938 4084 ο
950 4046 1006 4093 Aot.
1018 4060 1041 4091 υ.
1055 4059 1093 4110 ²9·
