3917 6467
433 1110 497 1171 458
807 1111 1188 1174 ANNOTA'l'IONES

431 1294 490 1356 pro
506 1275 539 1335 lv
554 1275 602 1352 δὲ)
618 1277 657 1358 τῷ
672 1276 758 1358 τρίτῳ
775 1276 821 1337 καὶ
837 1277 870 1337 ἐν
884 1279 924 1359 τῷ
939 1274 1068 1359 τετάρτῳ
1088 1280 1172 1358 λόγῳ
1190 1280 1251 1337 τῶν
1272 1277 1424 1355 {oropum
1441 1275 1507 1337 cinci

431 1380 551 1455 τρανῶς,
567 1377 600 1437 ἓν
615 1376 660 1441 οῖς
676 1377 732 1437 ὧδε
752 1376 871 1457 γράφει·
890 1375 1200 1440 ἈΝΑΓΡΑΦΗΝΑΙ
1223 1379 1257 1439 δὲ
1275 1375 1334 1438 &a
1379 1373 1508 1448 Mu,

431 1479 582 1563 Asticcnc
604 1488 672 1542 nse
692 1477 751 1542 sibi
771 1480 964 1542 consentiente
978 1479 1209 1564 produceret
1228 1480 1378 1543 Jcotlcm
1398 1480 1511 1563 cuiuis

430 1581 519 1644 dude
534 1602 657 1664 νιριιυιιι
676 1581 767 1644 conis
785 1591 846 1645 octe
865 1581 950 1644 Oziae
968 1582 1073 1666 quinto
1090 1592 1119 1644 et
1137 1581 1375 1666 qimdmyesimc
1388 1584 1512 1667 posterior

430 1683 611 1765 agnoscitur,
630 1682 840 1766 Olynpiadeno
847 1682 987 1766 primam
1004 1683 1137 1769 collegit.-
1161 1684 1340 1767 Africanus
1358 1693 1453 1747 συιιοι
1464 1685 1514 1746 Κι-

429 1783 689 1848 ecolismensem
708 1785 842 1869 opposito
863 1785 991 1848 coemit
1008 1785 1200 1859 auctoritato,
1216 1784 1265 1848 cd
1278 1784 1388 1848 Aellcz
1405 1806 1453 1847 αιι.
1460 1785 1514 1868 pri

430 1908 512 1949 mam
537 1886 747 1971 Olympiadem
761 1887 904 1971 prinecm
926 1887 1014 1949 tertio
1034 1895 1062 1950 el
1083 1895 1192 1971 quarto
1213 1886 1440 1950 Historicomn
1458 1883 1515 1949 litu

429 1990 544 2072 opertis
565 1989 641 2052 hisce
665 1987 761 2052 cerlis
786 1988 911 2052 initiam
935 1986 1070 2052 λαόυιζιοι
1091 1988 1280 2071 effiminat:
1307 1985 1514 2052 OLYMPIA·

430 2088 531 2152 DEM
548 2090 683 2175 primam
700 2092 755 2153 &c

474 2193 512 2254 Ρ.
530 2194 569 2255 28
571 2212 602 2273 5.
618 2192 639 2254 l.
654 2192 704 2258 28.
721 2193 931 2273 ἀναγραφῆναι
946 2195 978 2255 δὲ
993 2193 1110 2272 πρώτην
1124 2192 1180 2269 τὴν
1191 2188 1514 2273 τεσσαρεσκαιδεκάτην]

430 2292 657 2356 consentiebat
673 2293 712 2356 de
727 2293 787 2356 hac
802 2314 837 2356 re
852 2292 1072 2357 Callimachus.
1114 2292 1167 2355 Sic
1181 2291 1269 2355 euim
1285 2291 1442 2375 Georgius
1454 2290 1515 2373 Syn

429 2393 484 2456 cel.
501 2417 532 2478 p.
554 2400 623 2477 196.
642 2396 840 2476 Καλλίμαχος
861 2393 894 2457 δέ
913 2402 1008 2474 φησιν
1024 2393 1230 2473 Ὀλυμπιάδας
1252 2392 1302 2474 ιγ’.
1315 2393 1514 2473 παρεῖσθαιμὴ

429 2496 664 2576 όναγραφείσας,
688 2496 723 2581 τῇ
750 2497 782 2559 δὲ
805 2493 850 2559 ιδ’.
875 2499 1025 2575 Κόροιβον
1045 2493 1174 2557 Ἠλεῖον
1197 2499 1329 2572 νικῆσαι.
1377 2494 1438 2557 Sed
1457 2514 1515 2556 vere

428 2595 652 2659 Aristodemus
674 2605 708 2659 et
731 2596 882 2681 Polybius
904 2595 1109 2679 scripserunt,
1124 2603 1160 2659 ut
1183 2596 1284 2660 refert
1306 2595 1352 2658 ibi
1368 2596 1513 2679 Georgius,

428 2697 599 2762 Ooroebum
613 2698 696 2761 hunc
708 2698 818 2761 vicisse
828 2697 953 2781 Olymp.
966 2700 1016 2761 28.
1027 2718 1097 2781 quae
1112 2697 1254 2760 omnium
1269 2697 1376 2782 prima
1387 2697 1514 2779 deinceps

429 2799 540 2863 habita
560 2799 639 2872 luit;
664 2807 698 2863 et
713 2800 760 2862 vir
779 2798 817 2862 cl.
834 2799 915 2864 Edv.
932 2800 1082 2864 Gorsinus
1102 2799 1134 2862 in
1149 2800 1283 2862 Diem.
1301 2799 1438 2883 Agonia.
1452 2804 1512 2860 sect

430 2921 459 2964 2.
477 2901 663 2986 Phlegontis
677 2901 860 2965 testimonio
875 2901 1002 2964 innixus
1020 2902 1113 2964 dccet
1133 2901 1274 2985 palmam
1295 2900 1439 2963 retulisse
1455 2919 1513 2962 eum

432 3021 502 3066 ιιι.
518 3012 592 3086 post
607 3024 718 3079 annos,
735 3003 794 3066 hoc
809 3012 859 3066 est
875 3008 926 3068 28.
943 3002 1165 3087 Olympiadem
1180 3008 1290 3065 totum
1304 3001 1443 3086 spatium
1455 3008 1513 3085 post

427 3104 519 3167 ludos
539 3103 720 3189 Olympicos
742 3105 784 3167 ub
806 3103 913 3188 Iphito
935 3105 1114 3180 restitutos,
1128 3127 1149 3167 ο
1169 3125 1234 3187 qua
1257 3103 1388 3186 quidem
1402 3102 1512 3166 victorie

428 3207 632 3292 Olympiades
656 3229 821 3270 numerare
847 3207 1012 3291 coeperint.
1059 3207 1264 3289 Quantopere
1291 3213 1402 3269 autem
1426 3202 1512 3287 diepli

428 3317 514 3372 ceret
529 3309 640 3372 illustri
658 3308 812 3371 Newtono
824 3309 926 3372 omnis
941 3309 1009 3372 haec
1024 3308 1248 3392 Olympiadum
1268 3315 1346 3371 ante
1362 3306 1511 3370 corebum

428 3411 533 3484 series,
561 3410 702 3473 ostendit
729 3410 928 3494 Clroaolepie
949 3412 1017 3494 ejus
1042 3411 1193 3472 Restituta
1220 3431 1296 3493 pag.
1318 3428 1374 3490 57.
1389 3419 1421 3471 et
1441 3428 1510 3489 seqq.

428 3514 585 3574 Attamen
601 3510 750 3573 nonnulla
771 3534 809 3573 ex
827 3511 982 3574 Africano
999 3511 1134 3574 sortasse
1153 3523 1284 3594 surrupta
1300 3509 1442 3572 loannes
1456 3508 1512 3570 Ma·

427 3613 490 3676 lala
503 3614 615 3677 attulit
630 3613 690 3675 line
706 3614 758 3675 lib.
776 3613 881 3696 quarti
900 3612 1156 3698 Clrcsmprapliae
1170 3634 1246 3686 suae,
1264 3634 1337 3696 quae
1354 3612 1397 3674 ad
1418 3612 1511 3672 horum

426 3737 562 3797 agonum
583 3715 675 3778 initia
690 3715 720 3779 h.
737 3736 764 3778 e.
780 3736 880 3777 onnes
895 3714 965 3799 plus
982 3721 1125 3777 trecenos
1136 3722 1213 3776 ante
1224 3712 1392 3776 victoriam
1404 3708 1511 3777 Coroebi

427 3817 602 3901 pertinent;
621 3817 675 3879 sed
691 3816 775 3879 enim
787 3816 834 3879 vel
849 3816 942 3900 longe
956 3815 1053 3879 ultius
1067 3836 1163 3899 quam
1177 3816 1219 3878 ab
1234 3814 1296 3878 hoc
1312 3837 1436 3898 quoqne
1449 3820 1512 3876 tem·

428 3941 504 4003 pore
526 3919 662 4002 repetita
684 3926 734 3981 est
757 3918 966 3982 certaminum
990 3917 1226 4002 Olympicorum
1252 3918 1364 4001 orig0;
1393 3917 1445 3980 'En
1465 3920 1513 3977 τοῖς

426 4024 546 4103 χρόνοις
561 4025 613 4083 τοῦ
628 4020 740 4095 Σαοὺλ,
755 4020 802 4083 ait
819 4019 950 4095 Mulela,
968 4022 1137 4098 ἐπενόησαν
1151 4025 1268 4099 πρῶτον
1289 4021 1393 4100 ἆγῶνα
1414 4022 1441 4081 ol
1454 4023 1512 4079 Πει·

427 4130 508 4186 coici
523 4123 706 4201 Ὀλυμπίων,
723 4124 791 4185 τότε
806 4123 859 4199 τὴν
875 4124 979 4201 ἑορτὴν
998 4122 1225 4188 ἐπιτελέσαντες
1244 4123 1300 4199 τὴν
1321 4122 1460 4200 κοσμικὴν
1474 4118 1513 4180 Διὶ

426 4224 590 4306 Ὀλυμπίῳ
616 4226 682 4304 περὶ
698 4225 739 4286 ὧν
756 4227 771 4285 ὁ
788 4225 962 4303 σοφώτατος
976 4223 1155 4304 Ἀφρικανὸς
1171 4223 1433 4306 ἔχρονογρόφησε.

471 4325 554 4387 Ibid.
566 4325 586 4387 l.
601 4343 650 4406 29.
667 4327 753 4402 ἥνικα
769 4328 816 4388 καὶ
830 4327 976 4404 Κόροιβος
991 4324 1128 4410 στάδιον]
1147 4325 1341 4388 Addendum
1358 4327 1441 4388 ἐνίκα
1455 4331 1514 4407 poet

427 4426 547 4489 στάδιον
567 4435 675 4490 monet
694 4429 818 4491 Goarus
841 4428 883 4490 ad
903 4427 1078 4510 ιιιονρίιιοτο.
1124 4425 1265 4510 Scaliger
1287 4435 1409 4502 autem,
1423 4425 1471 4487 ubi
1489 4423 1515 4483 in

426 4528 637 4590 Αυιίιιοόυιτο.
654 4528 718 4590 suis
734 4529 830 4591 verbe
850 4529 980 4611 profert,
998 4528 1044 4590 ita
1065 4527 1174 4603 edidit,
1193 4529 1276 4590 ἐνίκα
1293 4530 1443 4607 Κόροιβος
1458 4520 1515 4585 cri·

427 4635 499 4692 διον.
525 4653 555 4712 p.
572 4633 623 4709 69.
669 4631 747 4694 Cum
763 4653 835 4693 vero
851 4631 882 4692 in
900 4631 969 4694 Ιοοο
988 4631 1030 4694 ab
1052 4630 1120 4715 ipso
1137 4629 1298 4713 Scaligero
1319 4630 1450 4692 laudato
1464 4626 1516 4689 Eu·

425 4731 530 4794 sebius
553 4732 586 4793 in
609 4733 716 4814 Praep.
741 4733 928 4816 E‘oenpellco
951 4732 1095 4807 dixisset,
1118 4735 1191 4794 κατὰ
1213 4737 1320 4794 τοῦτον
1346 4726 1518 4810 (Achaz)i

426 4836 523 4912 πρώτη
546 4832 713 4912 Ὀλυμπίας
735 4834 821 4915 ἤχθη,
838 4835 875 4911 ἣν
898 4838 981 4898 ἐνίκα
1004 4835 1126 4897 στάδιον
1146 4835 1295 4912 Κόροιβος
1316 4837 1449 4908 Ἠλεῖος,
1468 4831 1518 4892 hoc

425 4935 585 5017 scripsisse
602 4935 772 4998 Africanus
787 4936 959 5012 videretur,
974 4936 1011 5013 ἣν
1027 4938 1109 4998 ἐνίκα
1133 4937 1280 5014 Κόροιβος
1305 4934 1438 4998 στάδιον.
1479 4930 1519 4994 si-

425 5035 542 5097 militer
560 5036 658 5099 habet
674 5037 834 5100 Diodorus
850 5038 974 5101 Siculus
992 5040 1030 5101 L.
1047 5039 1067 5101 i.
1083 5061 1109 5100 c.
1126 5039 1178 5100 68.
1194 5037 1226 5099 in
1242 5038 1460 5121 superioribus
1472 5033 1519 5098 ad·

426 5135 550 5211 duetus,
567 5159 598 5219 p.
616 5158 689 5214 400.
707 5142 780 5202 κατὰ
795 5139 827 5201 τὸ
842 5142 940 5220 τρίτον
962 5140 1027 5205 ἔπος
1042 5143 1091 5217 τῆς
1105 5138 1150 5219 ξγ’
1165 5137 1377 5217 Ὀλυμπιάδος,
1395 5139 1432 5217 ἣν
1446 5140 1519 5201 ἐνίκα
