3917 6467
426 1095 493 1156 854
794 1089 1150 1155 ANNOTATIONES

427 1259 580 1321 lmaeum
596 1268 674 1321 sect.
688 1279 740 1319 xx.
753 1279 784 1341 p.
797 1259 851 1340 38.
861 1257 1002 1340 ipsorum
1017 1276 1090 1319 cum
1102 1254 1244 1319 Domino
1254 1253 1408 1340 cognatio.
1431 1251 1499 1318 eet

426 1358 598 1443 explicatio
613 1359 677 1422 ista
691 1358 894 1442 genealogica
913 1358 946 1421 in
965 1356 1179 1442 simpicionem
1193 1356 1284 1421 venit
1302 1364 1429 1441 propter
1444 1354 1503 1429 leus,
1552 1370 1553 1389 ¹

427 1461 460 1524 in
479 1459 594 1544 quibus
613 1459 758 1524 homines
775 1459 969 1536 incolebant,
983 1459 1022 1523 iis
1042 1458 1126 1522 enirn
1153 1458 1188 1521 in
1206 1457 1338 1522 sedibus
1357 1464 1444 1521 secta
1459 1455 1505 1520 ha-

426 1561 600 1625 reticorum
614 1560 773 1645 vigebrmt,
789 1583 862 1645 quae
879 1560 904 1624 J
905 1582 995 1624 esum
1014 1562 1036 1622 .1
1039 1559 1149 1645 osephi
1164 1580 1277 1623 venum
1296 1580 1367 1623 eme
1384 1557 1507 1622 filimns

426 1663 651 1727 tantummodo
665 1662 825 1725 hominem
839 1664 1039 1727 statuebant.
1083 1660 1179 1743 Quid,
1201 1661 1289 1744 quod
1309 1669 1394 1725 teste
1410 1659 1441 1723 in
1455 1658 1508 1722 loco

426 1786 525 1849 supra
546 1764 687 1828 indicato
711 1765 904 1850 Epiphanio,
926 1763 1037 1828 multae
1056 1762 1194 1827 haereses
1213 1761 1357 1837 ruenmt,
1380 1782 1447 1845 qun
1462 1780 1509 1824 uon

426 1865 520 1929 simul
530 1876 679 1929 constare
690 1889 783 1951 posse
796 1867 994 1930 affimmreut
1010 1865 1126 1930 Maria·
1139 1872 1240 1949 atque
1256 1864 1407 1929 Elizabet
1419 1885 1454 1928 ex
1466 1861 1510 1925 le

426 1967 524 2032 ritico
548 1990 664 2052 genere
689 1969 893 2033 hauddubie
915 1969 1059 2032 oriunda
1082 1967 1307 2053 cognationem
1331 1988 1405 2031 oum
1418 1962 1510 2029 Maria

426 2078 501 2133 ortu
515 2091 556 2133 ex
571 2070 705 2133 Doridis
719 2093 758 2135 ac
771 2070 796 2134 J
798 2072 869 2135 udae
883 2071 1005 2156 stirpe!
1039 2070 1137 2147 Male,
1153 2070 1210 2134 sed
1224 2069 1346 2134 idcirco
1361 2068 1394 2133 hi
1408 2067 1511 2153 quiden

426 2184 575 2234 neutram
594 2170 824 2255 genealogiam,
847 2172 913 2235 sive
935 2171 1032 2236 Lucae
1054 2171 1120 2235 sive
1143 2169 1311 2249 Matthaei,
1332 2169 1361 2235 si
1387 2165 1511 2233 meddin

425 2291 578 2334 canonem
598 2270 772 2355 Scripturae
792 2294 848 2335 eus
867 2273 1064 2349 admiserint,
1080 2273 1121 2336 ad
1139 2271 1283 2336 Mariam
1303 2271 1459 2356 pertinere
1473 2288 1512 2332 cx·

426 2373 569 2437 istimare
583 2384 725 2457 possent,
737 2373 792 2436 sed
809 2383 979 2457 utramque
993 2373 1101 2458 potius
1113 2374 1156 2437 ad
1170 2372 1195 2436 J
1197 2373 1355 2458 osephum
1370 2372 1510 2436 reserrmt

470 2478 629 2539 Attamen
642 2474 671 2538 si
686 2474 771 2537 haud
785 2496 825 2537 eo
835 2474 920 2538 valet
935 2475 1087 2538 haeretioa
1100 2474 1238 2538 fortusse
1253 2474 1356 2560 origo,
1372 2482 1411 2539 ut
1424 2473 1511 2537 inea

425 2576 580 2662 picionem
601 2576 783 2640 adducatur
803 2576 998 2640 narrationis
1020 2577 1150 2653 veritas,
1170 2577 1277 2641 minus
1300 2578 1443 2663 proiecto
1463 2594 1511 2638 me

426 2679 580 2742 tuendum
601 2686 664 2753 est,
686 2699 726 2741 ne
750 2683 788 2741 et
813 2678 941 2762 quidem
964 2678 1080 2744 Mariae
1106 2679 1236 2764 virginis
1263 2688 1357 2744 ortus
1381 2702 1422 2743 ex
1444 2676 1511 2743 tribu

425 2779 450 2843 J
453 2780 523 2842 udae
543 2788 714 2864 propterea
733 2779 874 2843 elevetur
890 2802 929 2844 ac
944 2781 1091 2857 tollatur,
1104 2803 1175 2845 cum
1191 2803 1324 2865 prorsus
1338 2779 1511 2846 contrarium

426 2880 503 2966 quid
518 2881 578 2944 sibi
593 2903 634 2944 ex
648 2881 717 2965 ipsa
732 2881 786 2944 illa
800 2882 985 2966 collegerint
1001 2882 1168 2955 Eusebius,
1184 2882 1408 2968 innumerique
1420 2881 1475 2947 alii.

390 2971 397 2985 ’
470 2982 507 3046 Ρ.
525 3001 597 3066 237·
612 2983 634 3045 l.
655 3002 702 3045 12.
720 2983 911 3069 Σολομῶνος]
929 2984 1017 3048 Mira
1031 2993 1082 3048 est
1096 2984 1235 3049 varietas
1249 2994 1405 3050 accentus
1419 2984 1450 3048 iu
1465 2983 1511 3045 hoc

425 3084 559 3148 nomine.
605 3083 691 3147 Mea.
716 3083 843 3168 quidem
869 3093 904 3148 et
927 3084 1010 3149 Fulr.
1033 3087 1136 3150 oodex
1159 3093 1330 3151 accentum
1356 3082 1514 3151 habentia

424 3184 686 3270 antepenultima.
732 3185 931 3270 Nicephorus
950 3208 1025 3251 vero
1045 3195 1079 3252 et
1099 3187 1181 3250 Fulr.
1197 3187 1302 3251 codex
1321 3188 1419 3273 paulo
1435 3195 1514 3251 autea

426 3287 632 3372 penultimam
646 3287 909 3352 circumflectunt.
953 3289 993 3351 In
1009 3289 1110 3374 Regio
1124 3311 1162 3353 ac
1178 3289 1268 3353 Med.
1284 3289 1405 3375 duplex
1418 3297 1464 3353 est
1474 3308 1514 3350 ae

425 3398 548 3466 centus,
563 3404 633 3454 tum
647 3390 680 3453 in
691 3390 866 3475 penultimo
877 3399 946 3454 tum
957 3391 989 3454 in
1001 3391 1253 3476 antepenultima
1264 3391 1399 3476 syllaba
1430 3392 1514 3474 quue

425 3492 458 3556 in
472 3492 543 3556 aliis
557 3492 655 3556 etiam
671 3492 850 3556 nominibus
868 3493 1044 3578 supradicti
1064 3494 1188 3558 codices
1208 3494 1392 3571 observant,
1408 3491 1515 3578 quoties

424 3595 607 3679 ambiguum
623 3604 673 3657 est
687 3615 826 3677 quonam
840 3604 973 3659 accentu
990 3595 1132 3659 notanda
1146 3595 1211 3658 sint
1226 3595 1404 3669 vocabula3
1429 3604 1463 3659 ut
1474 3594 1516 3656 de

424 3704 556 3760 notetur
570 3696 603 3758 in
618 3694 688 3759 aliis
708 3695 835 3779 quidem
856 3696 1089 3781 exemplaribus
1109 3698 1193 3761 hunc
1212 3705 1396 3775 accentum,
1410 3698 1442 3761 in
1459 3693 1517 3760 aliis

424 3821 500 3864 vero
513 3797 601 3861 illum
614 3798 755 3883 reperiri.
794 3798 976 3879 Quinetiam
988 3798 1088 3863 nostri
1099 3799 1223 3863 codices
1234 3798 1332 3884 paulo
1343 3809 1422 3864 ante
1433 3797 1517 3881 scrip

424 3909 494 3965 tum
516 3900 637 3963 hubent
654 3900 779 3963 ἀπὸτοῦ
795 3901 895 3979 naute
915 3904 963 3963 διὰ
984 3907 1179 3980 Σολομῶντος
1199 3904 1252 3967 τὰς
1266 3905 1378 3982 γενεὰς
1394 3904 1515 3982 καταριθ-

424 4003 592 4083 μουμέυοις.
611 4006 654 4086 (p.
673 4021 746 4086 232.
765 4002 784 4064 l.
802 4004 866 4083 18.)
912 4002 965 4066 Sic
980 4003 1064 4067 enim
1079 4025 1188 4066 omues
1203 4004 1306 4067 nostri
1321 4004 1457 4081 codices,
1474 4024 1517 4067 ex·

424 4114 517 4189 cepto
532 4102 634 4189 Regio
650 4103 703 4188 qui
720 4106 898 4183 Σολόμωνος
912 4105 974 4169 ἱῙῙὶο
990 4107 1096 4171 habet.
1121 4104 1287 4171 Van-rus.
1335 4106 1387 4171 Eo
1402 4107 1517 4192 quidem

423 4205 494 4269 loco
515 4205 636 4269 habent
659 4205 730 4268 Cod.
747 4228 873 4290 quoque
892 4207 995 4271 Socii.
1014 4229 1070 4271 seu
1084 4207 1176 4272 Bodl.
1193 4215 1227 4271 et
1246 4209 1394 4273 Masurii
1418 4211 1518 4274 oum

425 4313 612 4386 Σολομῶνος.
623 4307 679 4371 sed
690 4307 764 4370 alibi
780 4307 812 4370 in
827 4307 938 4371 iisdem
953 4308 1111 4392 scriptura
1125 4309 1276 4373 variatur.
1315 4310 1391 4375 Ηοο
1403 4312 1518 4397 quidem

424 4409 495 4473 loco
503 4409 651 4475 videntur
661 4431 769 4473 omues
779 4408 892 4473 MSSti
904 4432 1019 4474 nomen
1030 4411 1078 4474 ita
1089 4410 1235 4474 scribere.
1270 4410 1317 4476 Et
1328 4413 1520 4478 usitatiorem

425 4533 494 4575 esse
515 4511 598 4574 hanc
620 4510 810 4596 scripturam
832 4511 986 4575 sinesin
1006 4512 1167 4577 codicibus
1187 4512 1219 4576 in
1240 4534 1334 4577 usum
1354 4537 1450 4579 suum
1467 4512 1521 4578 eol·

425 4614 500 4679 latis
514 4635 612 4698 supra
626 4613 753 4678 dixeram
767 4613 940 4678 Burtouus.
986 4615 1067 4678 Mox
1082 4615 1173 4678 αὐτοῦ
1186 4636 1245 4699 pro
1260 4616 1350 4695 αὐτῆς
1364 4617 1490 4703 Nep&

469 4714 553 4778 Ibid.
569 4714 589 4780 l.
609 4735 657 4795 14.
672 4714 842 4795 ὁμομήτριοι
857 4718 916 4796 ἄρα
930 4718 1059 4797 ἀδελφοὶ
1072 4716 1143 4801 dte]
1166 4715 1204 4778 In
1226 4716 1287 4780 hac
1307 4718 1521 4783 conciliatione

426 4839 523 4903 quam
548 4816 645 4881 refert
674 4817 855 4895 Africanus,
882 4820 946 4882 duo
971 4825 1046 4882 sunt
1069 4840 1140 4902 quae
1162 4817 1305 4882 nonnihil
1331 4819 1521 4886 difficultatis

425 4918 544 4984 habere
569 4916 725 4982 videntur.
771 4917 914 4982 Primum
939 4918 1024 4982 enim
1045 4917 1168 4996 dubito,
1190 4939 1233 4982 an
1255 4917 1381 4983 licuerit
1403 4918 1520 4983 uterino

425 5020 519 5087 fratri
532 5019 659 5085 viduam
674 5018 783 5085 fratris
797 5020 846 5083 sui
862 5041 993 5083 uxorem
1007 5019 1133 5096 ducere,
1148 5028 1183 5084 et
1199 5042 1240 5084 ex
1259 5042 1299 5084 ea
1319 5020 1438 5086 liberos
1456 5040 1520 5107 pro-

426 5145 534 5188 creare
559 5123 592 5186 in
617 5143 731 5187 nomen
758 5144 796 5186 ee
822 5121 972 5187 familiam
998 5121 1107 5186 fratris
1132 5122 1180 5186 sui
1206 5122 1410 5190 transituros.
1455 5125 1517 5187 Lex
