3917 6467
798 1093 1184 1157 ANNO'I'ATIONES

922 1323 1052 1387 XLVI.

476 1471 745 1555 P.290.l.1.1n1
760 1474 815 1554 ιώ]
843 1473 943 1536 Haud
965 1475 1143 1539 censendus
1166 1484 1218 1540 est
1244 1478 1418 1542 Africanus
1439 1500 1524 1543 annos

431 1583 557 1640 tantum
580 1574 726 1640 undecim
749 1575 821 1640 huic
838 1576 1016 1642 Ptolemaeo
1037 1579 1237 1644 attribuisse.
1286 1581 1444 1646 Eusebius
1460 1583 1524 1666 Syn

431 1679 589 1762 cellusque
613 1677 775 1742 Oanonem
804 1679 969 1743 Ptolemaei
997 1680 1098 1746 secuti
1122 1703 1228 1746 annos
1253 1702 1310 1769 35.
1334 1684 1524 1749 Philometori

430 1781 605 1865 assignant.
653 1781 764 1863 ltaque
779 1780 838 1843 λα’.
854 1803 912 1865 pro
933 1781 982 1846 ια’.
998 1782 1153 1847 Africano
1173 1805 1325 1869 reponas,
1341 1785 1396 1870 qui
1416 1785 1525 1871 quidem

430 1883 497 1967 ipse
512 1904 663 1946 numerus
677 1889 770 1946 extat
785 1883 817 1944 in
837 1882 992 1947 laterculo
1012 1885 1151 1969 quodam
1171 1894 1360 1973 temporum
1376 1890 1524 1954 Ptolemae

430 2003 521 2044 orum
535 2004 556 2045 a
572 1981 732 2067 scaligero
748 1982 780 2044 in
795 1982 979 2048 motum
992 1985 1098 2070 posito
1113 2008 1189 2071 pag.
1204 1989 1259 2050 61.

906 2268 1056 2332 XLVII.

474 2400 558 2464 Ibid.
573 2399 594 2462 l.
611 2401 640 2462 8.
657 2407 812 2465 secundum
836 2408 1013 2483 Africanum]
1037 2403 1159 2467 Joanni
1185 2405 1344 2490 Hyrcano
1366 2429 1463 2472 annos
1480 2426 1524 2490 30.

429 2502 543 2567 tribuit
565 2501 738 2587 Syncellus,
754 2502 829 2565 dum
846 2502 975 2566 Eusebii
996 2504 1147 2570 Chronica
1169 2528 1292 2570 annum
1315 2530 1416 2572 unum
1436 2507 1525 2570 minus

430 2626 525 2688 quam
542 2605 714 2669 Africanus
735 2612 921 2689 agnoscunt.
968 2605 1032 2670 Sed
1053 2606 1205 2693 Scaliger,
1222 2618 1262 2674 ut
1284 2611 1417 2674 Gosms
1435 2617 1523 2682 notat,

430 2705 618 2769 Africanum
633 2712 761 2769 secutus
775 2725 825 2786 27.
835 2728 935 2770 annos
950 2707 983 2770 in
996 2706 1180 2773 Emmaus
1194 2710 1262 2774 suis
1278 2711 1388 2794 posuit
1402 2733 1469 2797 pag.
1480 2729 1522 2790 70.

906 2955 1072 3020 XLVIII.

472 3094 555 3159 Ibid.
572 3095 592 3159 l.
615 3115 622 3156 ι
636 3115 660 3158 1.
678 3102 718 3156 καὶ
731 3104 847 3170 μάλιστα
860 3099 1022 3174 Ἀντιπάτρῳ
1037 3092 1105 3176 irc]
1123 3092 1241 3168 Verba,
1259 3115 1333 3177 quae
1347 3094 1483 3158 hocloco
1494 3101 1522 3156 et

428 3215 502 3257 mox
518 3202 703 3280 sequuntur,
720 3193 827 3278 potius
841 3214 882 3255 ex
894 3192 1038 3256 Africani
1052 3192 1218 3271 Ohrocicts,
1229 3216 1328 3278 quam
1343 3218 1385 3259 ex
1395 3194 1522 3281 Epidolo

428 3298 496 3381 ejus
518 3298 563 3361 cd
580 3297 746 3361 Aristidem
769 3296 808 3358 de
832 3294 954 3358 Christi
977 3293 1019 3357 D.
1036 3294 1076 3358 N.
1091 3295 1288 3381 genealogia,
1311 3297 1344 3359 in
1373 3320 1435 3381 qua
1458 3319 1521 3360 non-

428 3399 514 3463 nulla
529 3400 589 3463 huo
611 3398 803 3483 pertinentia
823 3404 947 3470 extant,
964 3398 1133 3481 desumpta
1153 3397 1249 3460 fuisse
1270 3420 1291 3462 a
1314 3400 1457 3483 Syncello
1473 3421 1520 3483 pu·

428 3508 512 3571 tom:
536 3525 574 3564 eo
589 3502 674 3585 quod
690 3502 729 3562 de
745 3500 839 3562 robus
853 3498 1010 3573 Iudaicis,
1025 3506 1058 3561 et
1077 3498 1214 3561 maxime
1234 3500 1276 3562 de
1294 3503 1427 3565 Herode
1442 3501 1522 3564 Anti·

427 3605 511 3688 patri
527 3604 602 3680 filio,
618 3604 651 3665 in
669 3603 827 3665 Chronico
846 3600 911 3663 suis
931 3599 1099 3683 plurimum
1120 3600 1221 3683 egerit
1241 3609 1367 3665 auctor.
1415 3602 1521 3666 Similia

427 3729 501 3770 vero
517 3707 660 3792 superius
671 3706 777 3769 monui
790 3727 861 3789 pag.
872 3708 946 3789 346.
979 3705 1025 3766 Et
1039 3703 1180 3788 pleniora
1195 3705 1325 3787 quidem
1341 3716 1417 3770 sunt
1433 3707 1522 3780 istae,

427 3810 453 3871 si
469 3811 563 3872 modo
579 3809 685 3872 omnia
706 3808 748 3871 ad
767 3807 953 3870 Africanum
973 3806 1142 3890 pertinent,
1159 3828 1256 3889 quam
1279 3816 1315 3871 ut
1338 3808 1372 3871 iu
1396 3810 1448 3872 illa
1467 3809 1521 3893 epi·

427 3913 511 3975 stola
525 3911 669 3974 extitisse
681 3910 801 3974 censori
813 3909 961 3973 debeant.
994 3908 1115 3971 'lumen
1125 3907 1179 3970 illa
1190 3907 1223 3970 in
1235 3907 1430 3974 Ohronicum
1441 3934 1521 3975 suum

428 4012 601 4075 Eusebium
624 4012 710 4076 haud
735 4010 946 4086 transtulisse,
962 4031 1046 4073 nuuc
1069 4009 1196 4073 demum
1216 4012 1362 4076 ostendit
1377 4012 1522 4076 Armenia

426 4115 494 4198 ejus
511 4114 746 4198 Interpretatio.
779 4113 895 4177 Cetera
905 4120 1014 4176 autem
1025 4134 1045 4176 a
1057 4111 1200 4195 Syncello
1212 4112 1253 4175 de
1265 4113 1424 4197 Hyrcano
1435 4124 1522 4198 atque

428 4216 602 4299 Antipatro
618 4215 650 4278 in
670 4215 918 4299 Otrouopraptio
933 4215 1002 4298 ejus
1016 4224 1158 4291 narrata,
1170 4215 1331 4298 decerpsit
1346 4238 1388 4282 ex
1399 4218 1422 4280 J
1424 4217 1522 4301 osephi

426 4318 507 4382 libro
522 4321 625 4404 primo
639 4320 677 4383 do
691 4319 826 4382 Jruloico
842 4317 928 4380 Bello
943 4339 1012 4402 cap.
1026 4318 1058 4379 6.
1075 4324 1108 4380 et
1123 4336 1212 4401 seqq.
1222 4319 1359 4382 mutatis
1370 4319 1524 4384 mutandis

427 4421 510 4485 idom
527 4420 699 4505 Syncellus‚
716 4420 763 4484 vel
779 4420 884 4483 nescio
899 4419 969 4505 quis
984 4428 1059 4483 ante
1074 4440 1156 4483 eum.

472 4532 554 4594 lbid.
573 4533 591 4593 l.
614 4551 662 4614 ¹3·
679 4533 918 4604 tristiacensi
935 4529 1004 4612 dre]
1024 4529 1180 4592 Eusebius
1201 4529 1330 4613 quidem
1350 4533 1524 4613 ἀλλόφυλον

427 4643 519 4698 vocat
543 4635 751 4717 Antipatrum
774 4632 826 4695 lib.
851 4631 877 4694 I.
898 4633 985 4696 Hist.
1002 4631 1085 4694 Eccl.
1108 4654 1175 4715 cap.
1197 4634 1227 4694 6.
1274 4631 1375 4696 Haud
1403 4634 1450 4697 ita
1472 4633 1523 4695 Jo

426 4738 552 4821 sophus,
576 4736 637 4820 qui,
661 4743 696 4798 ut
719 4735 785 4818 ipso
808 4735 905 4798 refert
930 4734 1095 4810 Eusebius,
1119 4734 1296 4798 Idumaeum
1319 4757 1437 4819 genere
1458 4758 1522 4799 eum

427 4839 521 4900 luisse
547 4836 677 4908 scribit;
716 4836 874 4900 ldurnaeos
899 4844 1007 4901 autem
1037 4843 1111 4919 post
1134 4836 1272 4900 Joannis
1299 4838 1446 4920 Hyrcani
1468 4837 1522 4899 iic·

427 4941 542 5003 toriam
564 4939 697 5002 Jndaeos
726 4939 903 5023 appellatos
932 4962 1001 5002 esse
1031 4939 1172 5024 Scaliger
1197 4949 1230 5004 et
1257 4940 1468 5005 Casaubonus
1495 4941 1523 5002 in

426 5042 552 5125 scriptis
568 5043 632 5104 suis
648 5063 864 5125 saepcnumero
882 5049 1081 5105 monuerunt.
1128 5042 1183 5105 Sin
1200 5065 1274 5105 vero
1293 5044 1415 5128 origine
1431 5047 1522 5107 Asca·

427 5141 526 5205 lonita
549 5152 660 5207 contra
683 5143 778 5205 luerit
795 5144 979 5226 Antipater,
1001 5151 1038 5206 ut
1061 5145 1158 5207 refert
1179 5144 1364 5222 Africanus,
1380 5146 1439 5210 hoc
1462 5144 1523 5229 qui-
