3917 6467
423 1088 488 1150 482
802 1081 1157 1148 ANNOTATIONES

425 1249 566 1326 Eusebi,
586 1248 783 1334 Apollinari,
804 1250 1000 1335 aliorumque
1021 1250 1317 1336 interpretamenta
1336 1248 1410 1314 huic
1432 1256 1519 1314 tanta

425 1354 472 1417 nei
486 1374 629 1416 connexa
642 1352 750 1436 posuit
764 1353 965 1416 doctissimus
979 1360 1084 1437 pater.

471 1455 509 1517 P.
527 1472 599 1537 299.
614 1453 635 1515 l.
652 1473 683 1536 3.
699 1455 767 1535 περὶ
782 1479 814 1517 τε
830 1455 897 1520 τοὺς
916 1453 1056 1539 χρόνους]
1074 1452 1244 1519 Particula
1264 1478 1297 1517 τε
1319 1475 1405 1517 nuno
1423 1453 1521 1518 addita

427 1564 477 1620 est
492 1578 531 1618 ex
546 1555 641 1618 editis
654 1578 675 1618 a
689 1555 727 1618 cl.
740 1557 899 1620 Gaisford.
910 1556 1035 1640 Eclopis
1044 1553 1242 1631 Enattara,
1257 1562 1292 1619 et
1307 1578 1403 1620 voees
1417 1559 1462 1619 διὸ
1476 1556 1522 1633 ep

427 1659 539 1738 ὄφεσιν
554 1679 625 1720 curn
639 1658 901 1721 antecedentibus
913 1659 1102 1742 conjunctae,
1112 1655 1232 1720 omisso
1245 1660 1279 1720 δὲ
1291 1665 1370 1743 post
1381 1662 1438 1731 διὰ,
1449 1656 1522 1742 quod

427 1759 525 1822 ceteri
541 1759 670 1822 habent.

473 1861 556 1924 Ibid.
572 1861 594 1923 Ι.
615 1865 663 1923 16.
679 1866 731 1924 τοῦ
745 1862 950 1947 ἆποκριθῆναι]
967 1862 1021 1927 Ita
1037 1862 1150 1926 LXX.
1166 1861 1331 1926 seniores.

471 1961 510 2025 P.
524 1982 600 2046 300.
616 1963 636 2025 l.
652 1984 683 2045 9.
700 1966 816 2044 ἔμεινεν
831 1966 884 2027 οὖν
905 1967 960 2031 ἕως
974 1969 1104 2045 Νεεμίου
1125 1967 1174 2029 καὶ
1192 1966 1365 2044 βασιλείας
1377 1962 1523 2046 Ἀρτοξέρ-

427 2065 494 2150 ξου]
520 2064 583 2126 Sed
607 2065 648 2126 ab
671 2070 853 2129 Artaxerxe
874 2088 949 2152 rege
971 2067 1228 2152 Hierosolymam
1248 2067 1369 2130 missus
1393 2074 1426 2131 et
1450 2067 1523 2130 Ezra

426 2164 541 2242 suerat,
558 2174 594 2228 ut
611 2165 691 2228 liber
710 2167 879 2230 canonicus
899 2169 967 2253 ejus
985 2171 1089 2245 docet,
1104 2170 1188 2233 unde
1212 2168 1269 2232 illa
1290 2168 1335 2232 de
1351 2173 1523 2232 Artaxerxe

427 2274 461 2329 et
478 2265 582 2330 Esdra
597 2269 738 2332 narravit
749 2269 918 2333 Africanus
933 2269 966 2332 in
982 2272 1078 2334 Num.
1095 2292 1177 2332 χιον.
1192 2291 1224 2355 p.
1235 2272 1310 2352 289.
1345 2270 1468 2335 Forsan
1478 2293 1523 2334 ex·

428 2369 505 2432 cidit
520 2373 610 2436 οὕτως
623 2378 699 2433 ante
715 2372 777 2436 ἕως.
825 2370 947 2434 Vocem
963 2375 1150 2438 είκοσαετοῦς
1163 2379 1239 2456 post
1258 2373 1425 2451 βασιλείας
1443 2371 1523 2434 nobis

426 2481 582 2556 praestant
597 2473 740 2554 Ἐκλογαὶ
754 2495 837 2536 nune
852 2473 955 2536 editae.

474 2575 556 2638 Ibid.
573 2575 593 2638 1.
614 2597 661 2639 ιο.
678 2578 726 2639 καὶ
740 2580 791 2653 τῆς
806 2581 936 2655 Περσῶν
950 2576 1110 2657 ἡγεμονίας
1128 2576 1212 2642 ἔτους
1231 2574 1310 2661 ριε’.]
1329 2576 1463 2640 Usitata
1480 2583 1522 2638 est

428 2676 497 2740 haeo
510 2699 666 2740 annorum
681 2677 878 2761 computatio
893 2679 934 2741 ab
949 2677 1029 2741 inito
1044 2678 1174 2741 Persico
1194 2677 1332 2762 imperio
1352 2679 1397 2743 ad
1415 2698 1522 2741 annum

428 2778 620 2843 Artaxerxis
642 2778 829 2863 Longimani
844 2779 1035 2856 vicesimum,
1052 2788 1126 2864 post
1146 2801 1240 2862 quem
1261 2779 1395 2865 quidem
1415 2801 1522 2844 annum

428 2904 594 2945 numerare
608 2883 711 2967 pergit
727 2882 931 2967 septuaginta
945 2881 1016 2945 illas
1030 2881 1247 2944 hebdomadas
1263 2882 1449 2947 Africanus.

473 2985 555 3048 Ibid.
570 2984 591 3048 l.
613 3003 660 3047 12.
677 2984 736 3047 ἀπὸ
750 2985 783 3046 δὲ
796 2987 846 3062 τῆς
866 2985 1007 3050 ἁλώσεως
1020 2982 1219 3065 Ἰερουσαλὴμ
1237 2982 1316 3064 ρπε’.
1334 2985 1386 3064 ἔτη
1406 2985 1521 3068 γίνεται]

429 3089 478 3151 At
499 3085 768 3151 consentientibus
793 3085 863 3148 aliis
886 3085 1042 3162 omnibus,
1068 3085 1301 3170 Hierosolymis
1325 3086 1520 3172 expugnatio,

429 3210 492 3253 non
507 3187 719 3274 septuaginta,
736 3194 832 3272 prout
852 3188 902 3251 hic
923 3195 1152 3272 praesumptum
1171 3195 1231 3264 est,
1246 3188 1304 3251 sed
1325 3196 1454 3254 tanturn
1473 3187 1522 3252 tri-

429 3292 519 3376 ginta
541 3290 667 3354 circiter
687 3312 787 3353 annos
809 3298 884 3353 ante
907 3290 1069 3353 Persicum
1093 3289 1165 3374 Gyri
1192 3289 1364 3374 imperium
1386 3291 1518 3376 contigit.

430 3395 531 3457 Error
551 3402 658 3458 autem
681 3415 720 3455 ex
743 3414 780 3455 eo
803 3400 893 3455 ortus
915 3399 975 3467 est,
992 3393 1076 3476 quod
1098 3392 1172 3476 Gyri
1195 3415 1315 3456 annum
1340 3395 1474 3478 primum
1494 3394 1521 3456 in

431 3516 448 3559 2
476 3498 583 3559 Chion.
610 3518 678 3579 cap.
701 3495 757 3557 ult.
781 3506 814 3558 et
835 3496 920 3557 Ezra
946 3517 1015 3579 cap.
1037 3495 1057 3557 i.
1073 3506 1293 3572 memoratum,
1310 3496 1438 3560 initium
1461 3518 1521 3560 esse

431 3600 549 3663 Persici
572 3598 732 3683 regiminis
755 3597 838 3680 Cyri,
858 3618 920 3659 non
942 3597 1030 3681 regni
1054 3597 1121 3679 ejus
1144 3596 1330 3680 Babylonici
1355 3601 1439 3683 quod
1460 3621 1521 3683 pos

429 3702 527 3765 terius
543 3702 613 3773 fuit,
630 3700 764 3762 credidit
780 3699 959 3761 Africanus.
998 3698 1132 3762 Ineunte
1148 3699 1230 3761 enim
1243 3699 1441 3783 Babylonico
1456 3701 1521 3785 Cyri

429 3799 571 3884 imperi0,
587 3798 668 3861 finiti
689 3820 756 3861 esse
772 3798 918 3861 videntur
939 3798 1143 3883 septuaginta
1165 3799 1329 3862 serritutis
1349 3802 1437 3877 anni,
1452 3824 1522 3887 quos

431 3901 609 3966 Hieremias
625 3901 782 3986 propheta
798 3902 999 3984 praedixerat,
1016 3901 1075 3964 etsi
1092 3901 1188 3964 etiarn
1210 3909 1286 3964 tunc
1303 3904 1441 3967 totidem
1454 3903 1521 3966 anni

429 4004 515 4067 haud
530 4004 632 4067 exacti
649 4013 755 4067 essent
770 4026 790 4066 a
805 4003 907 4087 captis
922 4012 1019 4087 atque
1035 4003 1146 4066 deletis
1163 4002 1406 4088 Hierosolymis,
1419 4007 1472 4069 sed
1485 4005 1522 4068 ab

429 4129 513 4170 anno
527 4108 549 4168 J
552 4106 690 4169 echoniae
712 4105 795 4190 regis
815 4114 941 4189 quarto,
956 4114 993 4169 ut
1014 4127 1110 4190 supra
1133 4113 1281 4168 notatum
1304 4116 1355 4171 est
1378 4109 1419 4171 ad
1436 4107 1521 4170 Num.

430 4231 507 4270 xxrr.
525 4232 556 4292 p.
573 4211 646 4288 426.

472 4311 511 4372 P.
527 4330 600 4393 301.
617 4309 637 4373 l.
655 4312 683 4372 8.
703 4314 743 4376 εἰς
766 4312 816 4386 ἔτη
840 4313 994 4390 τριακόσια
1017 4310 1248 4394 [ἑβδομήκοντα]
1277 4310 1458 4375 Delendum
1478 4321 1522 4376 est

428 4411 513 4475 istud
541 4412 752 4490 ἑβδομήκοντα,
773 4413 858 4496 quod
883 4413 975 4475 abest
1000 4436 1021 4476 a
1044 4415 1141 4477 MSte
1162 4411 1287 4475 Eosebii
1305 4414 1522 4489 Vindetoaensi,

427 4537 529 4599 neque
548 4514 589 4576 ab
606 4512 803 4597 Hieronymo
823 4513 985 4576 inventum
1000 4522 1067 4585 est;
1092 4514 1152 4577 nisi
1171 4514 1248 4589 iliud
1263 4519 1348 4578 δυοῖν
1364 4519 1478 4588 δεόντα,
1494 4516 1522 4577 in

426 4617 512 4697 ῥήσει
533 4638 616 4677 xnrx.
630 4638 660 4698 p.
674 4633 712 4699 29
714 4632 746 4699 5.
759 4615 779 4677 l.
796 4637 842 4678 ro.
858 4616 1008 4699 positum,
1021 4616 1105 4701 quod
1121 4625 1228 4679 tamen
1245 4639 1309 4679 non
1324 4627 1444 4701 putem,
1461 4620 1523 4703 ejus

426 4719 496 4782 loco
505 4717 719 4782 sufficiendum
730 4718 781 4781 sit.
799 4718 893 4781 Oerte
902 4717 1025 4802 respuit
1036 4719 1095 4781 hoc
1106 4718 1311 4797 ἑβδομήκοντα
1322 4727 1392 4782 turn
1402 4721 1522 4784 collatio

371 4858 373 4862 ν
426 4821 538 4884 horum
553 4841 708 4883 annorum
725 4841 796 4882 cum
816 4819 885 4882 aliis
904 4819 987 4882 inira
1008 4821 1122 4905 posita,
1139 4829 1206 4884 turn
1228 4823 1428 4904 computatio
1449 4832 1522 4886 tem·

425 4923 510 5006 poris
532 4945 552 4985 a
577 4921 639 4984 fine
664 4921 783 4984 Persici
810 4922 940 5006 imperii,
963 4923 1198 5007 primordioque
1227 4924 1439 5000 Macedonici,
1463 4926 1523 4987 sire

425 5025 528 5087 Graeci
544 5023 726 5100 Orientalis‚
742 5023 783 5086 ad
800 5046 898 5106 usque
914 5023 1092 5108 Cleopatrae
1111 5033 1258 5101 mortem,
1274 5048 1413 5109 quaeum
1433 5027 1523 5090 desiit

425 5127 607 5188 Graeoorurn
624 5146 765 5207 regnum.
