3917 6467
348 1177 350 1181 Ι
429 1083 494 1148 148
797 1080 1153 1148 ANNOTATIONES

428 1253 469 1316 de
485 1252 586 1316 Panlo
601 1254 817 1329 samosateno,
834 1258 885 1316 τοῦ
901 1254 948 1316 καὶ
968 1254 1022 1317 τὸν
1043 1252 1126 1317 Θεὸν
1145 1252 1199 1316 τὸν
1219 1253 1326 1316 ἑαυτοῦ
1346 1251 1395 1315 καλ
1417 1250 1506 1330 Κύριοι

428 1354 620 1436 ἀρνουμένου.
667 1354 712 1418 Et
728 1354 779 1417 vix
795 1354 1015 1431 dubitandum,
1030 1354 1105 1438 quin
1121 1353 1218 1417 verba
1234 1351 1423 1437 apostoliea,
1437 1347 1508 1414 Pam·

428 1455 461 1519 in
476 1455 616 1540 Ερδυοία
630 1455 794 1540 posteriori
809 1478 842 1517 ιι.
863 1476 889 1518 ι.
905 1462 939 1520 et
953 1454 1048 1519 Judae
1062 1475 1174 1518 oomni.
1189 1475 1221 1533 4.
1233 1452 1360 1518 etiamsi
1377 1453 1439 1517 hoe
1456 1451 1511 1514 loeo

428 1557 449 1622 J
452 1559 522 1622 udoe
534 1580 596 1621 non
607 1558 762 1621 censenda
774 1557 817 1621 sit
830 1579 1055 1642 germanam
1065 1557 1159 1633 Θεδν,
1170 1578 1299 1621 eausam
1310 1556 1410 1620 fuisse
1420 1562 1455 1618 et
1463 1552 1512 1618 ori·

427 1661 544 1745 gissam,
560 1671 596 1723 ut
615 1661 634 1738 ἡ
655 1661 830 1739 ἆρνησίθεος
852 1661 1025 1723 ἀποστασία
1043 1659 1175 1723 haeresis
1188 1656 1515 1722 Anti-Trinitariorun

427 1762 651 1846 appellaretur.
698 1761 778 1824 Mox
800 1761 962 1843 εἰσάγοντα
984 1764 1183 1847 productura
1205 1760 1357 1825 scribitur
1377 1760 1412 1822 in
1432 1758 1517 1824 oudin

426 1864 566 1948 Nerfhle.
587 1863 630 1926 ibi
652 1885 727 1927 vero
748 1863 845 1927 vortit
867 1863 1011 1936 Rufinus,
1028 1864 1083 1948 qui
1097 1864 1223 1947 primata
1243 1863 1356 1926 Romae
1376 1864 1468 1924 σιινυν
1487 1866 1517 1922 ed

425 1970 531 2033 dieere
543 1991 661 2054 pamm
679 1969 824 2031 δονιίιιουι
832 1969 935 2052 seiae
955 1969 1122 2033 Christum.
1167 1967 1291 2031 Deinde
1310 1966 1455 2045 ἆπέβαλε
1472 1984 1519 2049 ριν

425 2072 586 2149 ἆπέβαλλε
601 2072 674 2133 MS.
690 2070 828 2154 Nersole.
843 2077 877 2134 et
890 2070 1019 2154 Nieepd.
1057 2069 1154 2133 Nune
1164 2069 1257 2133 addit
1268 2064 1519 2132 Burtonuseodd

426 2173 627 2238 Flomatiuos.

472 2277 511 2338 P.
525 2293 597 2359 130.
613 2274 633 2337 l.
649 2276 699 2338 26.
714 2273 894 2354 Ὑπομνήσω
909 2281 984 2356 γοῦν
994 2275 1126 2340 πολλοὺς
1142 2273 1213 2358 δια]
1228 2272 1321 2337 Inter
1335 2273 1420 2337 huuc
1434 2279 1522 2355 etque

426 2375 564 2463 priorem
583 2379 670 2458 ῥῆσιν
692 2377 799 2461 posuit
816 2377 921 2452 verba,
938 2399 1009 2461 quae
1029 2382 1213 2460 sequuntur,
1229 2374 1401 2451 Eusebius,
1417 2374 1476 2437 Kal
1493 2375 1523 2435 τλ

426 2481 483 2554 μὲν
505 2480 578 2541 κατὰ
599 2479 653 2541 τδν
675 2479 801 2559 Βίκτορα
822 2483 952 2542 τοιαῦτα.
974 2480 1080 2542 τούτου
1099 2480 1131 2541 δὲ
1152 2478 1234 2541 ἔτεσι
1250 2477 1322 2540 δέκα
1344 2473 1524 2557 προστάντος

427 2584 477 2658 τῆς
495 2581 691 2660 λειτουργίας,
706 2579 844 2661 διάδοχος
863 2582 1037 2643 καθίσταται
1061 2585 1238 2660 Ζεφυρΐνος,
1253 2578 1331 2657 ἀμφὶ
1351 2575 1387 2639 τδ
1406 2577 1525 2639 ἔννατον

425 2686 478 2760 τῆς
492 2680 629 2760 Σεβήρου
642 2682 804 2758 βασιλείας
818 2680 893 2746 ἔτος.
914 2682 1092 2760 προστίθησι
1106 2683 1139 2743 δὲ
1154 2682 1170 2742 δ
1185 2679 1219 2742 τδ
1234 2677 1525 2760 προειρημένονσυι»

427 2783 517 2862 τίξας
530 2783 597 2862 περὶ
611 2787 664 2844 τοῦ
683 2779 882 2862 κατάρξαντος
900 2785 951 2859 τῆς
965 2783 1147 2861 δηλωθείσης
1166 2779 1310 2861 αἱρέσεως
1327 2782 1469 2859 βιβλίον,
1484 2776 1526 2842 καί

426 2886 526 2963 ἄλλην
540 2886 614 2947 κατὰ
637 2887 804 2964 Ζεφυρῖνον
825 2883 991 2964 γενομένην
1012 2887 1128 2964 πρᾶξιν,
1144 2881 1201 2945 ὧδέ
1219 2908 1281 2948 πως
1301 2880 1527 2963 αιίτοῖςρἧμοσῑ

425 2980 560 3063 γράφων·
584 2979 840 3044 ὝΠΟΜΝΗΣΩ
863 2987 939 3062 γοῦν
958 2981 1091 3047 πολλοὺς
1107 2984 1162 3044 διο.
1208 2983 1252 3042 Ac
1269 2980 1308 3043 de
1328 2981 1449 3043 Wdon
1466 2979 1526 3064 qui·

426 3082 554 3146 demite
567 3103 600 3146 νο
615 3104 665 3146 rea
678 3081 773 3147 tabet.
820 3083 880 3162 Qui
899 3105 967 3146 eum
985 3084 1083 3148 ἅσσονι
1096 3084 1188 3147 aunis
1201 3083 1417 3148 Sacerdotium
1432 3082 1526 3146 admi

421 3184 590 3260 elatrasset,
612 3183 808 3269 Zephyrium
827 3185 855 3247 ei
874 3206 1021 3248 aaoeeaaor
1041 3183 1217 3249 νυδιίίυιιιιιι
1238 3196 1287 3261 σοι,
1310 3207 1393 3249 anno
1410 3185 1528 3270 prinei«

419 3294 515 3370 potua
538 3284 644 3348 Seueri
664 3283 785 3347 circiter
809 3305 893 3347 ιιοασ.
938 3286 1040 3348 Porro
1064 3286 1145 3349 idem
1169 3285 1221 3349 ille
1244 3287 1299 3370 qai
1319 3286 1528 3370 mepradietau

426 3385 538 3450 ίίδιυιιι
559 3386 598 3448 de
621 3386 744 3449 δυσνοεῖν
764 3386 850 3450 illius
871 3396 991 3450 ουσίονα
1015 3389 1184 3471 composuit,
1208 3387 1306 3450 aliam
1329 3409 1445 3472 qaoque
1468 3408 1528 3450 τοι

425 3488 596 3573 Ζφδρνίαὶ
618 3486 800 3572 temporibus
821 3497 934 3572 poetam
957 3488 1097 3572 αιῇιιιιρίι
1118 3489 1167 3552 leis
1187 3487 1291 3552 uerbis.
1319 3488 1527 3564 FAclNUu

426 3590 540 3674 inquit,
558 3593 613 3654 διο.
661 3590 794 3654 Habent
808 3593 930 3655 πίστους
944 3611 1004 3674 pro
1019 3591 1150 3657 πολλοὺς
1166 3590 1424 3674 θίιιίυίορδονεοιιί
1438 3592 1527 3654 Lem.

426 3698 460 3755 et
475 3693 594 3776 Ιιιινιρ.

470 3794 554 3858 Ibid.
584 3794 605 3856 l.
624 3795 674 3858 26.
702 3790 750 3873 ἐφ’
780 3792 878 3878 ἡμῶν]
909 3792 1128 3856 Tillemontius
1158 3793 1284 3876 quidem
1315 3795 1410 3857 Mem.
1444 3791 1528 3857 Εσοί.

426 3903 504 3961 tom.
517 3918 545 3959 v.
568 3895 601 3958 in
618 3895 703 3971 Caio,
718 3893 904 3957 vertendum
925 3899 1057 3978 propter
1078 3894 1243 3978 sequentia
1261 3894 1318 3971 ait,
1334 3917 1410 3971 non,
1433 3905 1530 3958 ιιοιυυ

426 4007 565 4081 tempore,
587 3996 642 4060 sed
664 3995 752 4079 αρινί
773 4015 835 4058 σοι.
881 3993 977 4059 Certe
1003 3995 1051 4060 ita
1074 4003 1203 4060 vertunt
1223 4006 1306 4060 vetuo
1327 3999 1477 4081 ι’νιιορται
1497 4003 1529 4061 et

429 4098 718 4183 Οδνίοιῳδονιοοαο,
734 4097 789 4160 sed
804 4095 898 4181 hujus
913 4097 1153 4180 significationis
1167 4099 1345 4182 exemplum
1360 4099 1515 4164 desidem.

470 4198 554 4261 Ibid.
569 4197 588 4260 l.
601 4199 653 4260 28.
676 4197 828 4263 Νατάλιος
841 4198 879 4277 ἦν
892 4196 952 4281 τὶς]
974 4199 1090 4262 Neseio
1111 4219 1153 4262 an
1167 4199 1218 4262 hie
1238 4198 1281 4263 eit
1295 4197 1443 4263 Caeeilius
1457 4200 1528 4263 Na·

427 4299 512 4375 talis,
527 4299 581 4384 qui
596 4297 811 4382 disputatione
833 4297 956 4361 Octavii
977 4299 1124 4363 Januarii
1139 4321 1246 4364 eoram
1267 4300 1410 4364 Minucio
1425 4299 1531 4364 Felioe

427 4401 538 4465 Bomae
558 4400 680 4476 habitu,
694 4400 736 4463 ad
755 4398 876 4463 Christi
896 4400 991 4463 fidem
1006 4423 1174 4465 eonversus
1193 4414 1255 4478 est,
1270 4409 1308 4465 ut
1326 4402 1479 4466 scribitur
1499 4403 1529 4465 in

427 4503 551 4588 dialogo
578 4502 712 4565 Minucii
739 4501 864 4565 Felicis.
909 4502 1032 4567 Nomen
1059 4510 1146 4567 certe
1169 4502 1326 4578 convenit,
1351 4511 1386 4567 et
1406 4511 1531 4588 tempus

426 4611 524 4688 atque
549 4603 711 4688 professio.
744 4602 910 4664 Vnnnsrus.
956 4604 1108 4671 Νατάλιος
1134 4604 1178 4669 τὶς
1206 4604 1244 4683 ἦν
1269 4603 1379 4667 ordine
1405 4613 1530 4668 mutato

427 4707 504 4770 Mu
525 4704 664 4788 Norsobe.
687 4712 722 4767 et
746 4702 818 4766 Ood.
841 4703 967 4766 Βανοσσ.
997 4723 1067 4783 142.
1090 4705 1216 4790 dequo
1239 4704 1339 4770 MSto
1359 4707 1403 4770 ad
1426 4707 1530 4770 Haer-

425 4827 541 4869 srnrun
556 4827 614 4869 nos
628 4826 725 4890 supra
739 4826 811 4889 pag.
823 4822 896 4887 229.
914 4804 973 4868 νοΙ.
988 4805 1016 4868 Ι.

470 4908 509 4971 Ρ.
525 4928 594 4992 131.
612 4907 632 4969 l.
646 4925 675 4969 2.
692 4905 789 4989 οὗτος]
803 4907 860 4983 μὲν
874 4906 998 4970 addunt
1018 4907 1184 4991 θίιινζςίορίι.
1201 4908 1293 4971 Lecti.
1318 4907 1450 4972 Srnorn.

471 5009 555 5073 Ibid.
578 5007 847 5090 Ἀσκληπιοδότου]
870 5004 1094 5086 Ἀσκληπιάδου
1113 5009 1193 5072 MS.
1208 5008 1347 5093 Norsolc.
1368 5016 1402 5073 et
1423 5010 1529 5073 Theo-

427 5111 556 5174 doretus
586 5109 639 5173 lib.
655 5107 688 5170 ii.
715 5105 832 5172 Horu.
868 5106 943 5172 Fae.
982 5129 1052 5193 cap.
1067 5126 1099 5192 5.
1144 5111 1289 5193 Cumque
1317 5109 1402 5174 infra
1434 5110 1525 5190 idem,
