<?xml version="1.0" encoding="UTF-8"?>
<!DOCTYPE html PUBLIC "-//W3C//DTD XHTML 1.0 Transitional//EN"
    "http://www.w3.org/TR/xhtml1/DTD/xhtml1-transitional.dtd">
<html xmlns="http://www.w3.org/1999/xhtml" xml:lang="en" lang="en">
 <head>
  <title>
</title>
<meta http-equiv="Content-Type" content="text/html;charset=utf-8" />
  <meta name='ocr-system' content='tesseract 3.04.00' />
  <meta name='ocr-capabilities' content='ocr_page ocr_carea ocr_par ocr_line ocrx_word'/>
</head>
<body>
  <div class='ocr_page' id='page_1' title='image "./reliquiaesacrae06routgoog_0450.png"; bbox 0 0 3917 6467; ppageno 0'>
   <div class='ocr_carea' id='block_1_1' title="bbox 425 1095 1159 1163">
    <p class='ocr_par' dir='ltr' id='par_1_1' title="bbox 425 1095 1159 1163">
     <span class='ocr_line' id='line_1_1' title="bbox 425 1095 1159 1163; baseline -0.004 0"><span class='ocrx_word' id='word_1_1' title='bbox 425 1100 491 1163; x_wconf 76' lang='lat' dir='ltr'><strong>me</strong></span> <span class='ocrx_word' id='word_1_2' title='bbox 805 1095 1159 1162; x_wconf 78' lang='lat' dir='ltr'><strong>ANNOTATIONES</strong></span> 
     </span>
    </p>
   </div>
   <div class='ocr_carea' id='block_1_2' title="bbox 424 1260 1527 5201">
    <p class='ocr_par' dir='ltr' id='par_1_2' title="bbox 426 1260 1492 1452">
     <span class='ocr_line' id='line_1_2' title="bbox 426 1260 1492 1349; baseline -0.005 -18"><span class='ocrx_word' id='word_1_3' title='bbox 426 1267 552 1331; x_wconf 84' lang='lat' dir='ltr'><strong>Geerus</strong></span> <span class='ocrx_word' id='word_1_4' title='bbox 567 1266 662 1346; x_wconf 82' lang='grc' dir='ltr'>φασὶν</span> <span class='ocrx_word' id='word_1_5' title='bbox 673 1265 774 1341; x_wconf 78' lang='lat' dir='ltr'><strong>addit,</strong></span> <span class='ocrx_word' id='word_1_6' title='bbox 786 1265 842 1329; x_wconf 88' lang='lat' dir='ltr'><strong>sed</strong></span> <span class='ocrx_word' id='word_1_7' title='bbox 855 1263 1051 1349; x_wconf 76' lang='lat' dir='ltr'><strong>scaligerum</strong></span> <span class='ocrx_word' id='word_1_8' title='bbox 1063 1284 1123 1348; x_wconf 78' lang='lat' dir='ltr'><strong>ego</strong></span> <span class='ocrx_word' id='word_1_9' title='bbox 1137 1270 1268 1327; x_wconf 63' lang='lat' dir='ltr'><strong>uentus</strong></span> <span class='ocrx_word' id='word_1_10' title='bbox 1281 1284 1360 1337; x_wconf 84' lang='lat' dir='ltr'><strong>snm,</strong></span> <span class='ocrx_word' id='word_1_11' title='bbox 1370 1260 1492 1343; x_wconf 58' lang='lat' dir='ltr'><strong>rsp&#39;upe</strong></span> 
     </span>
     <span class='ocr_line' id='line_1_3' title="bbox 426 1364 903 1452; baseline -0.008 -20"><span class='ocrx_word' id='word_1_12' title='bbox 426 1375 535 1432; x_wconf 83' lang='lat' dir='ltr'><strong>temen</strong></span> <span class='ocrx_word' id='word_1_13' title='bbox 550 1388 608 1451; x_wconf 89' lang='lat' dir='ltr'><strong>pro</strong></span> <span class='ocrx_word' id='word_1_14' title='bbox 622 1364 752 1452; x_wconf 77' lang='grc' dir='ltr'><strong><em>τῇἯρᾳ</em></strong></span> <span class='ocrx_word' id='word_1_15' title='bbox 765 1374 903 1430; x_wconf 82' lang='lat' dir='ltr'><strong>mutnus.</strong></span> 
     </span>
    </p>

    <p class='ocr_par' dir='ltr' id='par_1_3' title="bbox 424 1464 1511 3255">
     <span class='ocr_line' id='line_1_4' title="bbox 471 1464 1498 1551; baseline -0.005 -19"><span class='ocrx_word' id='word_1_16' title='bbox 471 1468 509 1532; x_wconf 92' lang='lat' dir='ltr'><strong>P.</strong></span> <span class='ocrx_word' id='word_1_17' title='bbox 528 1485 600 1551; x_wconf 91' lang='lat'><strong>279.</strong></span> <span class='ocrx_word' id='word_1_18' title='bbox 616 1467 637 1529; x_wconf 89' lang='lat' dir='ltr'><strong>l.</strong></span> <span class='ocrx_word' id='word_1_19' title='bbox 660 1487 683 1528; x_wconf 86' lang='lat'><strong>1.</strong></span> <span class='ocrx_word' id='word_1_20' title='bbox 701 1469 739 1533; x_wconf 78' lang='lat' dir='ltr'><strong>be</strong></span> <span class='ocrx_word' id='word_1_21' title='bbox 754 1467 915 1546; x_wconf 76' lang='grc' dir='ltr'>ἐπιστήμης</span> <span class='ocrx_word' id='word_1_22' title='bbox 930 1468 1046 1550; x_wconf 76' lang='grc' dir='ltr'>ἕνεκεν]</span> <span class='ocrx_word' id='word_1_23' title='bbox 1067 1464 1179 1529; x_wconf 78' lang='lat' dir='ltr'><strong>Habet</strong></span> <span class='ocrx_word' id='word_1_24' title='bbox 1195 1466 1235 1533; x_wconf 78' lang='grc' dir='ltr'><strong>ὥς</strong></span> <span class='ocrx_word' id='word_1_25' title='bbox 1249 1486 1310 1549; x_wconf 82' lang='lat' dir='ltr'><strong>pro</strong></span> <span class='ocrx_word' id='word_1_26' title='bbox 1330 1468 1378 1544; x_wconf 72' lang='grc' dir='ltr'><strong>πῆς</strong></span> <span class='ocrx_word' id='word_1_27' title='bbox 1392 1464 1498 1549; x_wconf 72' lang='lat' dir='ltr'><strong>Synedli</strong></span> 
     </span>
     <span class='ocr_line' id='line_1_5' title="bbox 426 1565 1500 1654; baseline -0.005 -21"><span class='ocrx_word' id='word_1_28' title='bbox 426 1570 504 1633; x_wconf 84' lang='lat' dir='ltr'><strong>MS.</strong></span> <span class='ocrx_word' id='word_1_29' title='bbox 513 1569 608 1654; x_wconf 80' lang='lat' dir='ltr'><strong>prior</strong></span> <span class='ocrx_word' id='word_1_30' title='bbox 622 1568 724 1631; x_wconf 71' lang='lat' dir='ltr'><strong>Paris.</strong></span> <span class='ocrx_word' id='word_1_31' title='bbox 741 1568 775 1632; x_wconf 87' lang='lat' dir='ltr'><strong>id</strong></span> <span class='ocrx_word' id='word_1_32' title='bbox 798 1589 882 1632; x_wconf 87' lang='lat' dir='ltr'><strong>nune</strong></span> <span class='ocrx_word' id='word_1_33' title='bbox 904 1566 1078 1652; x_wconf 74' lang='lat' dir='ltr'>recipiente</span> <span class='ocrx_word' id='word_1_34' title='bbox 1093 1566 1275 1643; x_wconf 86' lang='lat' dir='ltr'><strong>Dindorlio,</strong></span> <span class='ocrx_word' id='word_1_35' title='bbox 1299 1588 1391 1651; x_wconf 89' lang='lat' dir='ltr'><strong>quem</strong></span> <span class='ocrx_word' id='word_1_36' title='bbox 1411 1566 1441 1629; x_wconf 94' lang='lat' dir='ltr'><strong>in</strong></span> <span class='ocrx_word' id='word_1_37' title='bbox 1459 1565 1500 1629; x_wconf 69' lang='lat' dir='ltr'><strong>ius</strong></span> 
     </span>
     <span class='ocr_line' id='line_1_6' title="bbox 424 1669 1502 1754; baseline -0.004 -19"><span class='ocrx_word' id='word_1_38' title='bbox 424 1671 530 1735; x_wconf 78' lang='lat' dir='ltr'><strong>sltem</strong></span> <span class='ocrx_word' id='word_1_39' title='bbox 552 1671 692 1736; x_wconf 79' lang='lat' dir='ltr'><strong>editione</strong></span> <span class='ocrx_word' id='word_1_40' title='bbox 714 1679 842 1735; x_wconf 84' lang='lat' dir='ltr'><strong>seentus</strong></span> <span class='ocrx_word' id='word_1_41' title='bbox 863 1692 943 1734; x_wconf 90' lang='lat' dir='ltr'><strong>snm.</strong></span> <span class='ocrx_word' id='word_1_42' title='bbox 989 1670 1118 1733; x_wconf 76' lang='lat' dir='ltr'><strong>Gnarus</strong></span> <span class='ocrx_word' id='word_1_43' title='bbox 1140 1669 1183 1733; x_wconf 82' lang='lat' dir='ltr'><strong>nd</strong></span> <span class='ocrx_word' id='word_1_44' title='bbox 1209 1690 1310 1754; x_wconf 63' lang='lat' dir='ltr'><strong>mare.</strong></span> <span class='ocrx_word' id='word_1_45' title='bbox 1326 1670 1374 1731; x_wconf 80' lang='lat' dir='ltr'><strong>mi</strong></span> <span class='ocrx_word' id='word_1_46' title='bbox 1396 1671 1502 1752; x_wconf 69' lang='lat' dir='ltr'><strong>proris</strong></span> 
     </span>
     <span class='ocr_line' id='line_1_7' title="bbox 426 1769 1503 1857; baseline -0.006 -21"><span class='ocrx_word' id='word_1_47' title='bbox 426 1773 546 1857; x_wconf 80' lang='lat' dir='ltr'><strong>posuit,</strong></span> <span class='ocrx_word' id='word_1_48' title='bbox 561 1779 596 1836; x_wconf 85' lang='lat' dir='ltr'><strong>et</strong></span> <span class='ocrx_word' id='word_1_49' title='bbox 616 1772 758 1857; x_wconf 74' lang='lat' dir='ltr'><strong>Scaliger</strong></span> <span class='ocrx_word' id='word_1_50' title='bbox 778 1772 811 1835; x_wconf 90' lang='lat' dir='ltr'><strong>in</strong></span> <span class='ocrx_word' id='word_1_51' title='bbox 825 1771 1010 1835; x_wconf 76' lang='lat' dir='ltr'><strong>Emetineis</strong></span> <span class='ocrx_word' id='word_1_52' title='bbox 1030 1770 1095 1834; x_wconf 75' lang='lat' dir='ltr'><strong>siris</strong></span> <span class='ocrx_word' id='word_1_53' title='bbox 1117 1770 1150 1837; x_wconf 66' lang='lat' dir='ltr'><strong>te</strong></span> <span class='ocrx_word' id='word_1_54' title='bbox 1172 1770 1283 1847; x_wconf 72' lang='lat' dir='ltr'><strong>babet,</strong></span> <span class='ocrx_word' id='word_1_55' title='bbox 1302 1769 1503 1853; x_wconf 72' lang='lat' dir='ltr'><strong>Hieronymum</strong></span> 
     </span>
     <span class='ocr_line' id='line_1_8' title="bbox 427 1868 1504 1958; baseline -0.004 -22"><span class='ocrx_word' id='word_1_56' title='bbox 427 1874 564 1938; x_wconf 79' lang='lat' dir='ltr'><strong>fortasse</strong></span> <span class='ocrx_word' id='word_1_57' title='bbox 578 1882 715 1952; x_wconf 86' lang='lat' dir='ltr'><strong>seeutus,</strong></span> <span class='ocrx_word' id='word_1_58' title='bbox 731 1873 784 1957; x_wconf 92' lang='lat' dir='ltr'><strong>qui</strong></span> <span class='ocrx_word' id='word_1_59' title='bbox 799 1872 832 1936; x_wconf 93' lang='lat' dir='ltr'><strong>in</strong></span> <span class='ocrx_word' id='word_1_60' title='bbox 851 1872 1124 1958; x_wconf 80' lang='lat' dir='ltr'><strong>interpretatione</strong></span> <span class='ocrx_word' id='word_1_61' title='bbox 1138 1868 1313 1935; x_wconf 61' lang='lat' dir='ltr'><strong>Eusebium</strong></span> <span class='ocrx_word' id='word_1_62' title='bbox 1329 1868 1504 1934; x_wconf 56' lang='lat' dir='ltr'><strong>omniun</strong></span> 
     </span>
     <span class='ocr_line' id='line_1_9' title="bbox 427 1972 1505 2061; baseline -0.005 -22"><span class='ocrx_word' id='word_1_63' title='bbox 427 1998 501 2060; x_wconf 79' lang='lat' dir='ltr'><strong>png.</strong></span> <span class='ocrx_word' id='word_1_64' title='bbox 520 1995 570 2061; x_wconf 88' lang='lat'><strong>13.</strong></span> <span class='ocrx_word' id='word_1_65' title='bbox 585 1976 646 2039; x_wconf 87' lang='lat' dir='ltr'><strong>hee</strong></span> <span class='ocrx_word' id='word_1_66' title='bbox 668 1975 796 2039; x_wconf 77' lang='lat' dir='ltr'><strong>scribit:</strong></span> <span class='ocrx_word' id='word_1_67' title='bbox 822 1975 911 2039; x_wconf 71' lang='lat' dir='ltr'><strong>Atlas</strong></span> <span class='ocrx_word' id='word_1_68' title='bbox 922 1974 1032 2060; x_wconf 73' lang='lat' dir='ltr'><strong>frater</strong></span> <span class='ocrx_word' id='word_1_69' title='bbox 1047 1973 1220 2038; x_wconf 69' lang='lat' dir='ltr'><strong>Promethei</strong></span> <span class='ocrx_word' id='word_1_70' title='bbox 1232 1972 1414 2057; x_wconf 60' lang='lat' dir='ltr'><strong>pecipitur</strong></span> <span class='ocrx_word' id='word_1_71' title='bbox 1433 1980 1505 2035; x_wconf 62' lang='lat' dir='ltr'><strong>aare</strong></span> 
     </span>
     <span class='ocr_line' id='line_1_10' title="bbox 427 2073 1506 2162; baseline -0.003 -22"><span class='ocrx_word' id='word_1_72' title='bbox 427 2076 608 2162; x_wconf 71' lang='lat' dir='ltr'><strong>bpmsnit:</strong></span> <span class='ocrx_word' id='word_1_73' title='bbox 631 2076 945 2162; x_wconf 60' lang='lat' dir='ltr'><strong>quinamentorum</strong></span> <span class='ocrx_word' id='word_1_74' title='bbox 961 2075 1135 2162; x_wconf 61' lang='lat' dir='ltr'><strong>discipline</strong></span> <span class='ocrx_word' id='word_1_75' title='bbox 1152 2075 1246 2139; x_wconf 70' lang='lat' dir='ltr'><strong>arium</strong></span> <span class='ocrx_word' id='word_1_76' title='bbox 1263 2074 1371 2138; x_wconf 71' lang='lat' dir='ltr'><strong>entem</strong></span> <span class='ocrx_word' id='word_1_77' title='bbox 1388 2073 1506 2137; x_wconf 72' lang='lat' dir='ltr'><strong>mutim</strong></span> 
     </span>
     <span class='ocr_line' id='line_1_11' title="bbox 428 2175 1507 2256; baseline -0.002 -14"><span class='ocrx_word' id='word_1_78' title='bbox 428 2178 530 2243; x_wconf 71' lang='lat' dir='ltr'><strong>diotre</strong></span> <span class='ocrx_word' id='word_1_79' title='bbox 543 2186 595 2241; x_wconf 80' lang='lat' dir='ltr'><strong>ert.</strong></span> <span class='ocrx_word' id='word_1_80' title='bbox 642 2178 700 2241; x_wconf 82' lang='lat' dir='ltr'><strong>Ait</strong></span> <span class='ocrx_word' id='word_1_81' title='bbox 714 2178 878 2242; x_wconf 89' lang='lat' dir='ltr'><strong>Arnobius</strong></span> <span class='ocrx_word' id='word_1_82' title='bbox 893 2178 973 2242; x_wconf 75' lang='lat' dir='ltr'><strong>Ado.</strong></span> <span class='ocrx_word' id='word_1_83' title='bbox 989 2178 1098 2242; x_wconf 75' lang='lat' dir='ltr'><strong>Gentes</strong></span> <span class='ocrx_word' id='word_1_84' title='bbox 1111 2177 1164 2241; x_wconf 91' lang='lat' dir='ltr'><strong>lib.</strong></span> <span class='ocrx_word' id='word_1_85' title='bbox 1178 2176 1211 2240; x_wconf 90' lang='lat' dir='ltr'><strong>ii.</strong></span> <span class='ocrx_word' id='word_1_86' title='bbox 1259 2176 1389 2256; x_wconf 71' lang='lat' dir='ltr'><strong>Quande</strong></span> <span class='ocrx_word' id='word_1_87' title='bbox 1401 2175 1507 2239; x_wconf 73' lang='lat' dir='ltr'><strong>uidem</strong></span> 
     </span>
     <span class='ocr_line' id='line_1_12' title="bbox 428 2276 1507 2365; baseline -0.002 -22"><span class='ocrx_word' id='word_1_88' title='bbox 428 2289 533 2355; x_wconf 74' lang='lat' dir='ltr'><strong>mom,</strong></span> <span class='ocrx_word' id='word_1_89' title='bbox 549 2288 605 2343; x_wconf 78' lang='lat' dir='ltr'><strong>aet</strong></span> <span class='ocrx_word' id='word_1_90' title='bbox 618 2279 700 2342; x_wconf 78' lang='lat' dir='ltr'><strong>ratis</strong></span> <span class='ocrx_word' id='word_1_91' title='bbox 714 2288 809 2363; x_wconf 82' lang='lat' dir='ltr'><strong>eoepta</strong></span> <span class='ocrx_word' id='word_1_92' title='bbox 823 2289 869 2343; x_wconf 71' lang='lat' dir='ltr'><strong>ert</strong></span> <span class='ocrx_word' id='word_1_93' title='bbox 880 2279 1067 2365; x_wconf 71' lang='lat' dir='ltr'><strong>ymettliaoa</strong></span> <span class='ocrx_word' id='word_1_94' title='bbox 1081 2279 1182 2342; x_wconf 77' lang='lat' dir='ltr'><strong>seiri?</strong></span> <span class='ocrx_word' id='word_1_95' title='bbox 1226 2279 1304 2343; x_wconf 78' lang='lat' dir='ltr'><strong>Non</strong></span> <span class='ocrx_word' id='word_1_96' title='bbox 1320 2287 1387 2364; x_wconf 74' lang='lat' dir='ltr'><strong>pert</strong></span> <span class='ocrx_word' id='word_1_97' title='bbox 1405 2276 1507 2341; x_wconf 60' lang='lat' dir='ltr'><strong>moue</strong></span> 
     </span>
     <span class='ocr_line' id='line_1_13' title="bbox 429 2380 1507 2466; baseline -0.003 -20"><span class='ocrx_word' id='word_1_98' title='bbox 429 2381 629 2465; x_wconf 70' lang='lat' dir='ltr'><strong>AEyyptinm,</strong></span> <span class='ocrx_word' id='word_1_99' title='bbox 651 2390 707 2444; x_wconf 78' lang='lat' dir='ltr'><strong>net</strong></span> <span class='ocrx_word' id='word_1_100' title='bbox 728 2391 799 2466; x_wconf 77' lang='lat' dir='ltr'><strong>pest</strong></span> <span class='ocrx_word' id='word_1_101' title='bbox 820 2382 982 2458; x_wconf 66' lang='lat' dir='ltr'><strong>Athe-retem,</strong></span> <span class='ocrx_word' id='word_1_102' title='bbox 1006 2391 1040 2445; x_wconf 77' lang='lat' dir='ltr'><strong>ut</strong></span> <span class='ocrx_word' id='word_1_103' title='bbox 1063 2380 1191 2466; x_wconf 76' lang='lat' dir='ltr'><strong>quidem</strong></span> <span class='ocrx_word' id='word_1_104' title='bbox 1206 2381 1328 2465; x_wconf 75' lang='lat' dir='ltr'><strong>serunt,</strong></span> <span class='ocrx_word' id='word_1_105' title='bbox 1350 2389 1507 2465; x_wconf 66' lang='lat' dir='ltr'><strong>emmena,</strong></span> 
     </span>
     <span class='ocr_line' id='line_1_14' title="bbox 428 2478 1508 2566; baseline -0.006 -20"><span class='ocrx_word' id='word_1_106' title='bbox 428 2480 576 2566; x_wconf 77' lang='lat' dir='ltr'><strong>bajulum,</strong></span> <span class='ocrx_word' id='word_1_107' title='bbox 600 2480 752 2545; x_wconf 68' lang='lat' dir='ltr'><strong>tibicinem</strong></span> <span class='ocrx_word' id='word_1_108' title='bbox 777 2481 867 2546; x_wconf 75' lang='lat' dir='ltr'><strong>illem</strong></span> <span class='ocrx_word' id='word_1_109' title='bbox 891 2503 929 2546; x_wconf 85' lang='grc' dir='ltr'><strong>αο</strong></span> <span class='ocrx_word' id='word_1_110' title='bbox 951 2482 1100 2546; x_wconf 60' lang='lat' dir='ltr'><strong>minam</strong></span> <span class='ocrx_word' id='word_1_111' title='bbox 1122 2481 1214 2546; x_wconf 72' lang='lat' dir='ltr'><strong>oeli?</strong></span> <span class='ocrx_word' id='word_1_112' title='bbox 1237 2505 1269 2566; x_wconf 89' lang='lat' dir='ltr'><strong>p.</strong></span> <span class='ocrx_word' id='word_1_113' title='bbox 1286 2501 1340 2566; x_wconf 83' lang='lat'><strong>9²·</strong></span> <span class='ocrx_word' id='word_1_114' title='bbox 1363 2481 1412 2544; x_wconf 89' lang='lat' dir='ltr'><strong>ed.</strong></span> <span class='ocrx_word' id='word_1_115' title='bbox 1428 2478 1508 2564; x_wconf 78' lang='lat' dir='ltr'><strong>Lugd.</strong></span> 
     </span>
     <span class='ocr_line' id='line_1_15' title="bbox 431 2580 1508 2668; baseline -0.006 -22"><span class='ocrx_word' id='word_1_116' title='bbox 431 2581 505 2646; x_wconf 82' lang='lat' dir='ltr'><strong>Bet.</strong></span> <span class='ocrx_word' id='word_1_117' title='bbox 536 2580 666 2645; x_wconf 76' lang='lat' dir='ltr'><strong>Interea</strong></span> <span class='ocrx_word' id='word_1_118' title='bbox 677 2582 718 2645; x_wconf 82' lang='lat' dir='ltr'><strong>el.</strong></span> <span class='ocrx_word' id='word_1_119' title='bbox 729 2582 968 2658; x_wconf 83' lang='lat' dir='ltr'><strong>Sehurzfleiseh‚</strong></span> <span class='ocrx_word' id='word_1_120' title='bbox 980 2604 1074 2668; x_wconf 88' lang='lat' dir='ltr'><strong>quem</strong></span> <span class='ocrx_word' id='word_1_121' title='bbox 1085 2604 1181 2666; x_wconf 84' lang='lat' dir='ltr'><strong>supra</strong></span> <span class='ocrx_word' id='word_1_122' title='bbox 1193 2582 1236 2646; x_wconf 86' lang='lat' dir='ltr'><strong>nd</strong></span> <span class='ocrx_word' id='word_1_123' title='bbox 1246 2582 1385 2666; x_wconf 78' lang='lat' dir='ltr'><strong>Dynest.</strong></span> <span class='ocrx_word' id='word_1_124' title='bbox 1399 2581 1508 2665; x_wconf 71' lang='lat' dir='ltr'><strong>AEgypt.</strong></span> 
     </span>
     <span class='ocr_line' id='line_1_16' title="bbox 430 2679 1510 2768; baseline 0 -22"><span class='ocrx_word' id='word_1_125' title='bbox 430 2707 521 2747; x_wconf 81' lang='lat' dir='ltr'><strong>xxvi.</strong></span> <span class='ocrx_word' id='word_1_126' title='bbox 537 2683 668 2759; x_wconf 78' lang='lat' dir='ltr'><strong>adduxi,</strong></span> <span class='ocrx_word' id='word_1_127' title='bbox 682 2683 850 2768; x_wconf 81' lang='lat' dir='ltr'><strong>legendum</strong></span> <span class='ocrx_word' id='word_1_128' title='bbox 864 2692 973 2748; x_wconf 89' lang='lat' dir='ltr'><strong>menet</strong></span> <span class='ocrx_word' id='word_1_129' title='bbox 993 2684 1139 2764; x_wconf 74' lang='grc' dir='ltr'>διέλομπε</span> <span class='ocrx_word' id='word_1_130' title='bbox 1159 2688 1210 2762; x_wconf 76' lang='grc' dir='ltr'><strong>τῆς</strong></span> <span class='ocrx_word' id='word_1_131' title='bbox 1229 2687 1261 2747; x_wconf 75' lang='grc' dir='ltr'><strong>δὲ</strong></span> <span class='ocrx_word' id='word_1_132' title='bbox 1282 2685 1394 2764; x_wconf 73' lang='grc' dir='ltr'><strong>(πῆοὸε)</strong></span> <span class='ocrx_word' id='word_1_133' title='bbox 1415 2679 1510 2757; x_wconf 62' lang='lat' dir='ltr'><strong>irini</strong></span> 
     </span>
     <span class='ocr_line' id='line_1_17' title="bbox 429 2780 1510 2870; baseline -0.006 -18"><span class='ocrx_word' id='word_1_134' title='bbox 429 2812 486 2865; x_wconf 76' lang='grc' dir='ltr'><strong>μης</strong></span> <span class='ocrx_word' id='word_1_135' title='bbox 501 2787 604 2850; x_wconf 70' lang='grc' dir='ltr'>ἕνεκεν</span> <span class='ocrx_word' id='word_1_136' title='bbox 618 2786 676 2850; x_wconf 77' lang='lat' dir='ltr'><strong>&amp;e</strong></span> <span class='ocrx_word' id='word_1_137' title='bbox 694 2787 791 2849; x_wconf 91' lang='lat' dir='ltr'><strong>Num.</strong></span> <span class='ocrx_word' id='word_1_138' title='bbox 808 2803 882 2869; x_wconf 86' lang='lat'><strong>379.</strong></span> <span class='ocrx_word' id='word_1_139' title='bbox 898 2808 930 2870; x_wconf 87' lang='lat' dir='ltr'><strong>p.</strong></span> <span class='ocrx_word' id='word_1_140' title='bbox 946 2805 1017 2865; x_wconf 77' lang='lat'><strong>124.</strong></span> <span class='ocrx_word' id='word_1_141' title='bbox 1032 2787 1166 2849; x_wconf 80' lang='lat' dir='ltr'><strong>Notitioe</strong></span> <span class='ocrx_word' id='word_1_142' title='bbox 1179 2784 1330 2849; x_wconf 66' lang='lat' dir='ltr'><strong>Belesi.</strong></span> <span class='ocrx_word' id='word_1_143' title='bbox 1346 2786 1452 2848; x_wconf 69' lang='lat' dir='ltr'><strong>Vener.</strong></span> <span class='ocrx_word' id='word_1_144' title='bbox 1480 2780 1510 2845; x_wconf 91' lang='lat' dir='ltr'><strong>Ei</strong></span> 
     </span>
     <span class='ocr_line' id='line_1_18' title="bbox 431 2886 1510 2972; baseline -0.002 -23"><span class='ocrx_word' id='word_1_145' title='bbox 431 2908 507 2950; x_wconf 84' lang='lat' dir='ltr'><strong>vere</strong></span> <span class='ocrx_word' id='word_1_146' title='bbox 522 2909 585 2950; x_wconf 91' lang='lat' dir='ltr'><strong>non</strong></span> <span class='ocrx_word' id='word_1_147' title='bbox 599 2895 679 2972; x_wconf 85' lang='lat' dir='ltr'><strong>puto</strong></span> <span class='ocrx_word' id='word_1_148' title='bbox 698 2887 946 2963; x_wconf 80' lang='lat' dir='ltr'><strong>assentiendum,</strong></span> <span class='ocrx_word' id='word_1_149' title='bbox 963 2887 1088 2951; x_wconf 83' lang='lat' dir='ltr'><strong>etiamsi</strong></span> <span class='ocrx_word' id='word_1_150' title='bbox 1109 2886 1142 2950; x_wconf 93' lang='lat' dir='ltr'><strong>in</strong></span> <span class='ocrx_word' id='word_1_151' title='bbox 1159 2887 1258 2951; x_wconf 80' lang='lat' dir='ltr'><strong>msto</strong></span> <span class='ocrx_word' id='word_1_152' title='bbox 1279 2887 1322 2951; x_wconf 82' lang='lat' dir='ltr'><strong>nb</strong></span> <span class='ocrx_word' id='word_1_153' title='bbox 1343 2908 1381 2950; x_wconf 89' lang='lat' dir='ltr'><strong>ee</strong></span> <span class='ocrx_word' id='word_1_154' title='bbox 1400 2905 1510 2950; x_wconf 81' lang='lat' dir='ltr'><strong>eomne</strong></span> 
     </span>
     <span class='ocr_line' id='line_1_19' title="bbox 431 2985 1511 3073; baseline -0.003 -23"><span class='ocrx_word' id='word_1_155' title='bbox 431 2996 569 3064; x_wconf 86' lang='lat' dir='ltr'><strong>mereto,</strong></span> <span class='ocrx_word' id='word_1_156' title='bbox 584 2995 617 3052; x_wconf 87' lang='lat' dir='ltr'><strong>et</strong></span> <span class='ocrx_word' id='word_1_157' title='bbox 640 2987 673 3050; x_wconf 94' lang='lat' dir='ltr'><strong>in</strong></span> <span class='ocrx_word' id='word_1_158' title='bbox 689 2988 823 3051; x_wconf 82' lang='lat' dir='ltr'><strong>Ponteei</strong></span> <span class='ocrx_word' id='word_1_159' title='bbox 847 2988 923 3052; x_wconf 89' lang='lat' dir='ltr'><strong>edit.</strong></span> <span class='ocrx_word' id='word_1_160' title='bbox 943 2988 1159 3052; x_wconf 74' lang='lat' dir='ltr'><strong>Obronieorem</strong></span> <span class='ocrx_word' id='word_1_161' title='bbox 1177 2987 1310 3052; x_wconf 86' lang='lat' dir='ltr'><strong>Eusebii</strong></span> <span class='ocrx_word' id='word_1_162' title='bbox 1331 2989 1464 3073; x_wconf 88' lang='lat' dir='ltr'><strong>positum</strong></span> <span class='ocrx_word' id='word_1_163' title='bbox 1481 2985 1511 3048; x_wconf 82' lang='lat' dir='ltr'><strong>sit</strong></span> 
     </span>
     <span class='ocr_line' id='line_1_20' title="bbox 431 3086 1511 3174; baseline -0.001 -21"><span class='ocrx_word' id='word_1_164' title='bbox 431 3089 520 3153; x_wconf 66' lang='lat' dir='ltr'><strong>tetius</strong></span> <span class='ocrx_word' id='word_1_165' title='bbox 548 3097 623 3153; x_wconf 85' lang='lat' dir='ltr'><strong>ente</strong></span> <span class='ocrx_word' id='word_1_166' title='bbox 646 3111 755 3153; x_wconf 88' lang='lat' dir='ltr'><strong>voeem</strong></span> <span class='ocrx_word' id='word_1_167' title='bbox 780 3089 964 3174; x_wconf 63' lang='lat' dir='ltr'><strong>discipline,</strong></span> <span class='ocrx_word' id='word_1_168' title='bbox 986 3090 1070 3173; x_wconf 90' lang='lat' dir='ltr'><strong>quod</strong></span> <span class='ocrx_word' id='word_1_169' title='bbox 1094 3096 1203 3153; x_wconf 84' lang='lat' dir='ltr'><strong>temen</strong></span> <span class='ocrx_word' id='word_1_170' title='bbox 1228 3112 1249 3154; x_wconf 86' lang='lat' dir='ltr'><strong>e</strong></span> <span class='ocrx_word' id='word_1_171' title='bbox 1274 3090 1386 3155; x_wconf 89' lang='lat' dir='ltr'><strong>multis</strong></span> <span class='ocrx_word' id='word_1_172' title='bbox 1406 3086 1511 3153; x_wconf 70' lang='lat' dir='ltr'><strong>usses</strong></span> 
     </span>
     <span class='ocr_line' id='line_1_21' title="bbox 430 3190 968 3255; baseline -0.002 -1"><span class='ocrx_word' id='word_1_173' title='bbox 430 3190 544 3254; x_wconf 75' lang='lat' dir='ltr'><strong>abesse</strong></span> <span class='ocrx_word' id='word_1_174' title='bbox 558 3190 643 3254; x_wconf 87' lang='lat' dir='ltr'><strong>idem</strong></span> <span class='ocrx_word' id='word_1_175' title='bbox 658 3190 820 3255; x_wconf 86' lang='lat' dir='ltr'><strong>Pontneus</strong></span> <span class='ocrx_word' id='word_1_176' title='bbox 835 3190 968 3255; x_wconf 82' lang='lat' dir='ltr'><strong>noterit.</strong></span> 
     </span>
    </p>

    <p class='ocr_par' dir='ltr' id='par_1_4' title="bbox 433 3290 1511 3579">
     <span class='ocr_line' id='line_1_22' title="bbox 478 3290 1510 3378; baseline 0.001 -24"><span class='ocrx_word' id='word_1_177' title='bbox 478 3291 564 3355; x_wconf 88' lang='lat' dir='ltr'><strong>lbid.</strong></span> <span class='ocrx_word' id='word_1_178' title='bbox 581 3291 601 3353; x_wconf 87' lang='lat' dir='ltr'><strong>l.</strong></span> <span class='ocrx_word' id='word_1_179' title='bbox 618 3293 648 3355; x_wconf 91' lang='lat'><strong>6.</strong></span> <span class='ocrx_word' id='word_1_180' title='bbox 665 3292 824 3376; x_wconf 80' lang='grc' dir='ltr'>Κουρῆτες]</span> <span class='ocrx_word' id='word_1_181' title='bbox 847 3294 973 3357; x_wconf 83' lang='lat' dir='ltr'><strong>Gonrus</strong></span> <span class='ocrx_word' id='word_1_182' title='bbox 993 3293 1025 3355; x_wconf 90' lang='lat' dir='ltr'><strong>in</strong></span> <span class='ocrx_word' id='word_1_183' title='bbox 1044 3316 1141 3378; x_wconf 71' lang='lat' dir='ltr'><strong>ntary.</strong></span> <span class='ocrx_word' id='word_1_184' title='bbox 1157 3294 1258 3357; x_wconf 81' lang='lat' dir='ltr'><strong>hnbet</strong></span> <span class='ocrx_word' id='word_1_185' title='bbox 1274 3299 1424 3375; x_wconf 82' lang='grc' dir='ltr'>Κουρῖτπι.</span> <span class='ocrx_word' id='word_1_186' title='bbox 1465 3290 1510 3355; x_wconf 79' lang='lat' dir='ltr'><strong>Sed</strong></span> 
     </span>
     <span class='ocr_line' id='line_1_23' title="bbox 434 3392 1511 3480; baseline 0 -25"><span class='ocrx_word' id='word_1_187' title='bbox 434 3394 582 3473; x_wconf 78' lang='grc' dir='ltr'>Κούρητες</span> <span class='ocrx_word' id='word_1_188' title='bbox 604 3392 715 3477; x_wconf 79' lang='lat' dir='ltr'><strong>steph.</strong></span> <span class='ocrx_word' id='word_1_189' title='bbox 744 3395 876 3478; x_wconf 84' lang='lat' dir='ltr'><strong>Byzant.</strong></span> <span class='ocrx_word' id='word_1_190' title='bbox 902 3395 951 3457; x_wconf 80' lang='lat' dir='ltr'><strong>De</strong></span> <span class='ocrx_word' id='word_1_191' title='bbox 981 3393 1120 3471; x_wconf 78' lang='lat' dir='ltr'><strong>Urbibus,</strong></span> <span class='ocrx_word' id='word_1_192' title='bbox 1141 3417 1217 3458; x_wconf 84' lang='lat' dir='ltr'><strong>voee</strong></span> <span class='ocrx_word' id='word_1_193' title='bbox 1243 3398 1369 3476; x_wconf 80' lang='grc' dir='ltr'>Κούρης.</span> <span class='ocrx_word' id='word_1_194' title='bbox 1393 3395 1469 3480; x_wconf 88' lang='lat' dir='ltr'><strong>qued</strong></span> <span class='ocrx_word' id='word_1_195' title='bbox 1487 3400 1511 3455; x_wconf 86' lang='lat' dir='ltr'><strong>et</strong></span> 
     </span>
     <span class='ocr_line' id='line_1_24' title="bbox 433 3493 1445 3579; baseline 0.002 -23"><span class='ocrx_word' id='word_1_196' title='bbox 433 3493 570 3578; x_wconf 86' lang='lat' dir='ltr'><strong>Syneelli</strong></span> <span class='ocrx_word' id='word_1_197' title='bbox 586 3495 658 3557; x_wconf 80' lang='lat' dir='ltr'><strong>MS.</strong></span> <span class='ocrx_word' id='word_1_198' title='bbox 675 3495 778 3559; x_wconf 69' lang='lat' dir='ltr'><strong>Paris.</strong></span> <span class='ocrx_word' id='word_1_199' title='bbox 788 3495 949 3579; x_wconf 71' lang='lat' dir='ltr'><strong>posterior,</strong></span> <span class='ocrx_word' id='word_1_200' title='bbox 965 3495 1022 3558; x_wconf 93' lang='lat' dir='ltr'><strong>sed</strong></span> <span class='ocrx_word' id='word_1_201' title='bbox 1038 3495 1185 3574; x_wconf 71' lang='grc' dir='ltr'>Κουρῆτες</span> <span class='ocrx_word' id='word_1_202' title='bbox 1199 3504 1445 3579; x_wconf 83' lang='lat' dir='ltr'><strong>pnroxytenum.</strong></span> 
     </span>
    </p>

    <p class='ocr_par' dir='ltr' id='par_1_5' title="bbox 432 3594 1512 3885">
     <span class='ocr_line' id='line_1_25' title="bbox 479 3594 1511 3679; baseline 0.001 -21"><span class='ocrx_word' id='word_1_203' title='bbox 479 3595 559 3658; x_wconf 87' lang='lat' dir='ltr'><strong>lbid.</strong></span> <span class='ocrx_word' id='word_1_204' title='bbox 576 3595 598 3657; x_wconf 88' lang='lat' dir='ltr'><strong>l.</strong></span> <span class='ocrx_word' id='word_1_205' title='bbox 616 3614 647 3677; x_wconf 88' lang='lat'><strong>7.</strong></span> <span class='ocrx_word' id='word_1_206' title='bbox 664 3599 693 3659; x_wconf 79' lang='lat' dir='ltr'><strong>oi</strong></span> <span class='ocrx_word' id='word_1_207' title='bbox 706 3597 759 3675; x_wconf 79' lang='grc' dir='ltr'><strong>τὴν</strong></span> <span class='ocrx_word' id='word_1_208' title='bbox 778 3599 812 3659; x_wconf 78' lang='grc' dir='ltr'><strong>ἐν</strong></span> <span class='ocrx_word' id='word_1_209' title='bbox 831 3598 937 3662; x_wconf 82' lang='grc' dir='ltr'>ὅπλοις</span> <span class='ocrx_word' id='word_1_210' title='bbox 958 3599 1102 3677; x_wconf 80' lang='grc' dir='ltr'>εὔρυθμον</span> <span class='ocrx_word' id='word_1_211' title='bbox 1122 3598 1253 3679; x_wconf 74' lang='grc' dir='ltr'>κίνησιν]</span> <span class='ocrx_word' id='word_1_212' title='bbox 1279 3597 1456 3660; x_wconf 78' lang='lat' dir='ltr'><strong>Articulum</strong></span> <span class='ocrx_word' id='word_1_213' title='bbox 1474 3594 1511 3669; x_wconf 71' lang='lat' dir='ltr'><strong>riv</strong></span> 
     </span>
     <span class='ocr_line' id='line_1_26' title="bbox 432 3697 1512 3780; baseline -0.002 -20"><span class='ocrx_word' id='word_1_214' title='bbox 432 3718 474 3761; x_wconf 84' lang='lat' dir='ltr'><strong>ex</strong></span> <span class='ocrx_word' id='word_1_215' title='bbox 495 3700 571 3761; x_wconf 73' lang='lat' dir='ltr'><strong>MS.</strong></span> <span class='ocrx_word' id='word_1_216' title='bbox 589 3697 723 3780; x_wconf 72' lang='lat' dir='ltr'><strong>Syecelli</strong></span> <span class='ocrx_word' id='word_1_217' title='bbox 743 3699 850 3761; x_wconf 81' lang='lat' dir='ltr'><strong>Paris.</strong></span> <span class='ocrx_word' id='word_1_218' title='bbox 872 3698 967 3761; x_wconf 74' lang='lat' dir='ltr'><strong>altero</strong></span> <span class='ocrx_word' id='word_1_219' title='bbox 990 3697 1065 3761; x_wconf 91' lang='lat' dir='ltr'><strong>elim</strong></span> <span class='ocrx_word' id='word_1_220' title='bbox 1085 3698 1203 3772; x_wconf 76' lang='lat' dir='ltr'><strong>addidi,</strong></span> <span class='ocrx_word' id='word_1_221' title='bbox 1220 3708 1257 3762; x_wconf 86' lang='lat' dir='ltr'><strong>ut</strong></span> <span class='ocrx_word' id='word_1_222' title='bbox 1284 3720 1368 3762; x_wconf 90' lang='lat' dir='ltr'><strong>nune</strong></span> <span class='ocrx_word' id='word_1_223' title='bbox 1393 3697 1512 3762; x_wconf 79' lang='lat' dir='ltr'><strong>similiter</strong></span> 
     </span>
     <span class='ocr_line' id='line_1_27' title="bbox 434 3798 1398 3885; baseline 0.005 -25"><span class='ocrx_word' id='word_1_224' title='bbox 434 3799 509 3863; x_wconf 81' lang='lat' dir='ltr'><strong>feeit</strong></span> <span class='ocrx_word' id='word_1_225' title='bbox 524 3798 719 3875; x_wconf 87' lang='lat' dir='ltr'><strong>Diudorfius‚</strong></span> <span class='ocrx_word' id='word_1_226' title='bbox 734 3800 925 3883; x_wconf 83' lang='lat' dir='ltr'><strong>exhibetque</strong></span> <span class='ocrx_word' id='word_1_227' title='bbox 940 3805 990 3878; x_wconf 81' lang='grc' dir='ltr'><strong>τῆς</strong></span> <span class='ocrx_word' id='word_1_228' title='bbox 1004 3799 1092 3885; x_wconf 91' lang='lat' dir='ltr'><strong>prior</strong></span> <span class='ocrx_word' id='word_1_229' title='bbox 1105 3800 1248 3862; x_wconf 87' lang='lat' dir='ltr'><strong>eodienm</strong></span> <span class='ocrx_word' id='word_1_230' title='bbox 1263 3799 1398 3865; x_wconf 89' lang='lat' dir='ltr'><strong>illerum.</strong></span> 
     </span>
    </p>

    <p class='ocr_par' dir='ltr' id='par_1_6' title="bbox 480 3901 1390 3986">
     <span class='ocr_line' id='line_1_28' title="bbox 480 3901 1390 3986; baseline 0.002 -23"><span class='ocrx_word' id='word_1_231' title='bbox 480 3901 561 3964; x_wconf 89' lang='lat' dir='ltr'><strong>lbid.</strong></span> <span class='ocrx_word' id='word_1_232' title='bbox 578 3902 597 3963; x_wconf 92' lang='lat' dir='ltr'><strong>l.</strong></span> <span class='ocrx_word' id='word_1_233' title='bbox 618 3921 666 3964; x_wconf 92' lang='lat'><strong>10.</strong></span> <span class='ocrx_word' id='word_1_234' title='bbox 683 3903 717 3964; x_wconf 83' lang='grc' dir='ltr'><strong>τὸ</strong></span> <span class='ocrx_word' id='word_1_235' title='bbox 734 3902 816 3986; x_wconf 84' lang='grc' dir='ltr'>αὐτὸ]</span> <span class='ocrx_word' id='word_1_236' title='bbox 834 3902 879 3964; x_wconf 90' lang='grc' dir='ltr'><strong>Η.</strong></span> <span class='ocrx_word' id='word_1_237' title='bbox 895 3925 923 3965; x_wconf 83' lang='lat' dir='ltr'><strong>e.</strong></span> <span class='ocrx_word' id='word_1_238' title='bbox 940 3902 1063 3965; x_wconf 79' lang='grc' dir='ltr'>κατὰτὸ</span> <span class='ocrx_word' id='word_1_239' title='bbox 1079 3903 1162 3978; x_wconf 82' lang='grc' dir='ltr'>αὐτὸ,</span> <span class='ocrx_word' id='word_1_240' title='bbox 1179 3901 1390 3969; x_wconf 67' lang='lat' dir='ltr'><strong>selemniter.</strong></span> 
     </span>
    </p>

    <p class='ocr_par' dir='ltr' id='par_1_7' title="bbox 435 4003 1519 4593">
     <span class='ocr_line' id='line_1_29' title="bbox 480 4003 1513 4089; baseline -0.005 -22"><span class='ocrx_word' id='word_1_241' title='bbox 480 4004 563 4067; x_wconf 91' lang='lat' dir='ltr'><strong>lbid.</strong></span> <span class='ocrx_word' id='word_1_242' title='bbox 578 4004 598 4066; x_wconf 90' lang='lat' dir='ltr'><strong>l.</strong></span> <span class='ocrx_word' id='word_1_243' title='bbox 619 4025 667 4067; x_wconf 92' lang='lat'><strong>11.</strong></span> <span class='ocrx_word' id='word_1_244' title='bbox 680 4003 795 4086; x_wconf 79' lang='grc' dir='ltr'>Ἀργου</span> <span class='ocrx_word' id='word_1_245' title='bbox 819 4003 867 4089; x_wconf 85' lang='grc' dir='ltr'><strong>τε]</strong></span> <span class='ocrx_word' id='word_1_246' title='bbox 891 4006 1086 4068; x_wconf 79' lang='lat' dir='ltr'><strong>Addenrlum</strong></span> <span class='ocrx_word' id='word_1_247' title='bbox 1107 4005 1232 4068; x_wconf 84' lang='lat' dir='ltr'><strong>videtur</strong></span> <span class='ocrx_word' id='word_1_248' title='bbox 1257 4027 1296 4067; x_wconf 89' lang='lat' dir='ltr'><strong>ex</strong></span> <span class='ocrx_word' id='word_1_249' title='bbox 1326 4005 1513 4088; x_wconf 78' lang='lat' dir='ltr'><strong>Hieronymo,</strong></span> 
     </span>
     <span class='ocr_line' id='line_1_30' title="bbox 435 4104 1514 4191; baseline 0.004 -24"><span class='ocrx_word' id='word_1_250' title='bbox 435 4104 489 4189; x_wconf 92' lang='lat' dir='ltr'><strong>qui</strong></span> <span class='ocrx_word' id='word_1_251' title='bbox 504 4105 609 4182; x_wconf 82' lang='lat' dir='ltr'><strong>vertit,</strong></span> <span class='ocrx_word' id='word_1_252' title='bbox 626 4116 653 4168; x_wconf 78' lang='lat' dir='ltr'><strong>et</strong></span> <span class='ocrx_word' id='word_1_253' title='bbox 668 4108 786 4189; x_wconf 53' lang='lat' dir='ltr'><strong>Ausum</strong></span> <span class='ocrx_word' id='word_1_254' title='bbox 803 4116 912 4168; x_wconf 73' lang='lat' dir='ltr'><strong>cuneta</strong></span> <span class='ocrx_word' id='word_1_255' title='bbox 931 4117 1102 4181; x_wconf 62' lang='lat' dir='ltr'><strong>summatem,</strong></span> <span class='ocrx_word' id='word_1_256' title='bbox 1114 4105 1229 4187; x_wconf 79' lang='grc' dir='ltr'>Ἀργου</span> <span class='ocrx_word' id='word_1_257' title='bbox 1249 4131 1282 4168; x_wconf 83' lang='grc' dir='ltr'><strong>τε</strong></span> <span class='ocrx_word' id='word_1_258' title='bbox 1302 4112 1356 4169; x_wconf 83' lang='grc' dir='ltr'><strong>τοῦ</strong></span> <span class='ocrx_word' id='word_1_259' title='bbox 1374 4109 1514 4191; x_wconf 69' lang='grc' dir='ltr'>ποοόπτου,</span> 
     </span>
     <span class='ocr_line' id='line_1_31' title="bbox 435 4208 1515 4293; baseline -0.005 -21"><span class='ocrx_word' id='word_1_260' title='bbox 435 4209 484 4272; x_wconf 86' lang='lat' dir='ltr'><strong>vel</strong></span> <span class='ocrx_word' id='word_1_261' title='bbox 499 4213 551 4271; x_wconf 83' lang='grc' dir='ltr'><strong>τοῦ</strong></span> <span class='ocrx_word' id='word_1_262' title='bbox 567 4210 614 4272; x_wconf 82' lang='grc' dir='ltr'><strong>καὶ</strong></span> <span class='ocrx_word' id='word_1_263' title='bbox 630 4212 801 4282; x_wconf 84' lang='grc' dir='ltr'>Πανόππου,</span> <span class='ocrx_word' id='word_1_264' title='bbox 818 4209 931 4273; x_wconf 87' lang='lat' dir='ltr'><strong>delet-is</strong></span> <span class='ocrx_word' id='word_1_265' title='bbox 946 4209 1006 4272; x_wconf 83' lang='lat' dir='ltr'><strong>illis</strong></span> <span class='ocrx_word' id='word_1_266' title='bbox 1022 4212 1070 4273; x_wconf 84' lang='grc' dir='ltr'><strong>καὶ</strong></span> <span class='ocrx_word' id='word_1_267' title='bbox 1086 4211 1247 4272; x_wconf 80' lang='grc' dir='ltr'>Πονόπτου</span> <span class='ocrx_word' id='word_1_268' title='bbox 1269 4208 1303 4270; x_wconf 87' lang='lat' dir='ltr'><strong>iu</strong></span> <span class='ocrx_word' id='word_1_269' title='bbox 1323 4208 1515 4293; x_wconf 68' lang='lat' dir='ltr'><strong>sequentibus</strong></span> 
     </span>
     <span class='ocr_line' id='line_1_32' title="bbox 435 4305 1517 4392; baseline -0.006 -19"><span class='ocrx_word' id='word_1_270' title='bbox 435 4311 588 4373; x_wconf 87' lang='lat' dir='ltr'><strong>Ceterum</strong></span> <span class='ocrx_word' id='word_1_271' title='bbox 618 4308 768 4373; x_wconf 79' lang='lat' dir='ltr'><strong>nonnulle.</strong></span> <span class='ocrx_word' id='word_1_272' title='bbox 792 4310 841 4372; x_wconf 92' lang='lat' dir='ltr'><strong>his</strong></span> <span class='ocrx_word' id='word_1_273' title='bbox 867 4310 974 4374; x_wconf 83' lang='lat' dir='ltr'><strong>affinia</strong></span> <span class='ocrx_word' id='word_1_274' title='bbox 1000 4312 1040 4374; x_wconf 90' lang='lat' dir='ltr'><strong>de</strong></span> <span class='ocrx_word' id='word_1_275' title='bbox 1066 4310 1209 4385; x_wconf 85' lang='lat' dir='ltr'><strong>Atlante,</strong></span> <span class='ocrx_word' id='word_1_276' title='bbox 1235 4311 1436 4387; x_wconf 82' lang='lat' dir='ltr'><strong>Prometheo,</strong></span> <span class='ocrx_word' id='word_1_277' title='bbox 1460 4305 1517 4392; x_wconf 84' lang='lat' dir='ltr'><strong>upi-</strong></span> 
     </span>
     <span class='ocr_line' id='line_1_33' title="bbox 435 4410 1519 4496; baseline -0.002 -23"><span class='ocrx_word' id='word_1_278' title='bbox 435 4412 574 4486; x_wconf 88' lang='lat' dir='ltr'><strong>methee,</strong></span> <span class='ocrx_word' id='word_1_279' title='bbox 590 4413 690 4493; x_wconf 83' lang='lat' dir='ltr'><strong>Arge,</strong></span> <span class='ocrx_word' id='word_1_280' title='bbox 706 4410 765 4473; x_wconf 90' lang='lat' dir='ltr'><strong>tibi</strong></span> <span class='ocrx_word' id='word_1_281' title='bbox 783 4410 873 4474; x_wconf 80' lang='lat' dir='ltr'><strong>debit</strong></span> <span class='ocrx_word' id='word_1_282' title='bbox 889 4412 1050 4475; x_wconf 81' lang='lat' dir='ltr'><strong>Gedrenus</strong></span> <span class='ocrx_word' id='word_1_283' title='bbox 1064 4412 1147 4475; x_wconf 71' lang='lat' dir='ltr'><strong>Hei.</strong></span> <span class='ocrx_word' id='word_1_284' title='bbox 1169 4411 1330 4494; x_wconf 67' lang='lat' dir='ltr'><strong>Cempmd.</strong></span> <span class='ocrx_word' id='word_1_285' title='bbox 1347 4433 1421 4496; x_wconf 77' lang='lat' dir='ltr'><strong>pag.</strong></span> <span class='ocrx_word' id='word_1_286' title='bbox 1438 4413 1484 4474; x_wconf 87' lang='lat'><strong>66.</strong></span> <span class='ocrx_word' id='word_1_287' title='bbox 1495 4411 1519 4469; x_wconf 77' lang='lat' dir='ltr'><strong>et</strong></span> 
     </span>
     <span class='ocr_line' id='line_1_34' title="bbox 435 4510 1265 4593; baseline -0.001 -19"><span class='ocrx_word' id='word_1_288' title='bbox 435 4514 487 4592; x_wconf 90' lang='lat'><strong>67.</strong></span> <span class='ocrx_word' id='word_1_289' title='bbox 505 4511 556 4574; x_wconf 87' lang='lat' dir='ltr'><strong>ed.</strong></span> <span class='ocrx_word' id='word_1_290' title='bbox 572 4510 668 4573; x_wconf 79' lang='lat' dir='ltr'><strong>anil,</strong></span> <span class='ocrx_word' id='word_1_291' title='bbox 684 4510 716 4572; x_wconf 93' lang='lat' dir='ltr'><strong>in</strong></span> <span class='ocrx_word' id='word_1_292' title='bbox 731 4532 803 4593; x_wconf 83' lang='lat' dir='ltr'><strong>pag.</strong></span> <span class='ocrx_word' id='word_1_293' title='bbox 819 4532 893 4573; x_wconf 88' lang='lat' dir='ltr'><strong>vere</strong></span> <span class='ocrx_word' id='word_1_294' title='bbox 910 4511 1011 4575; x_wconf 79' lang='lat' dir='ltr'><strong>81.et</strong></span> <span class='ocrx_word' id='word_1_295' title='bbox 1028 4514 1077 4577; x_wconf 83' lang='lat'><strong>82.</strong></span> <span class='ocrx_word' id='word_1_296' title='bbox 1094 4512 1144 4576; x_wconf 89' lang='lat' dir='ltr'><strong>ed.</strong></span> <span class='ocrx_word' id='word_1_297' title='bbox 1162 4510 1265 4574; x_wconf 82' lang='lat' dir='ltr'><strong>Paris.</strong></span> 
     </span>
    </p>

    <p class='ocr_par' dir='ltr' id='par_1_8' title="bbox 435 4606 1527 5201">
     <span class='ocr_line' id='line_1_35' title="bbox 481 4606 1522 4695; baseline -0.004 -21"><span class='ocrx_word' id='word_1_298' title='bbox 481 4610 564 4674; x_wconf 88' lang='lat' dir='ltr'><strong>lbid.</strong></span> <span class='ocrx_word' id='word_1_299' title='bbox 577 4611 597 4673; x_wconf 90' lang='lat' dir='ltr'><strong>l.</strong></span> <span class='ocrx_word' id='word_1_300' title='bbox 612 4629 662 4693; x_wconf 88' lang='lat'><strong>13.</strong></span> <span class='ocrx_word' id='word_1_301' title='bbox 675 4613 703 4672; x_wconf 79' lang='grc' dir='ltr'><strong>οἱ</strong></span> <span class='ocrx_word' id='word_1_302' title='bbox 717 4613 773 4689; x_wconf 78' lang='grc' dir='ltr'><strong>μὲν</strong></span> <span class='ocrx_word' id='word_1_303' title='bbox 788 4615 856 4692; x_wconf 79' lang='grc' dir='ltr'><strong>γὰρ,</strong></span> <span class='ocrx_word' id='word_1_304' title='bbox 867 4614 912 4675; x_wconf 82' lang='grc' dir='ltr'><strong>ὅτι</strong></span> <span class='ocrx_word' id='word_1_305' title='bbox 928 4616 1002 4676; x_wconf 79' lang='grc' dir='ltr'>κατὰ</span> <span class='ocrx_word' id='word_1_306' title='bbox 1015 4615 1153 4694; x_wconf 83' lang='grc' dir='ltr'>Κέκροπα</span> <span class='ocrx_word' id='word_1_307' title='bbox 1164 4613 1237 4695; x_wconf 85' lang='lat' dir='ltr'><strong>&amp;e.]</strong></span> <span class='ocrx_word' id='word_1_308' title='bbox 1254 4612 1401 4675; x_wconf 82' lang='lat' dir='ltr'><strong>Verbum</strong></span> <span class='ocrx_word' id='word_1_309' title='bbox 1412 4606 1522 4695; x_wconf 79' lang='lat' dir='ltr'><strong>aliquod</strong></span> 
     </span>
     <span class='ocr_line' id='line_1_36' title="bbox 436 4711 1522 4797; baseline -0.001 -20"><span class='ocrx_word' id='word_1_310' title='bbox 436 4713 487 4777; x_wconf 91' lang='lat' dir='ltr'><strong>hie</strong></span> <span class='ocrx_word' id='word_1_311' title='bbox 507 4714 609 4787; x_wconf 87' lang='lat' dir='ltr'><strong>deest,</strong></span> <span class='ocrx_word' id='word_1_312' title='bbox 624 4711 672 4774; x_wconf 86' lang='lat' dir='ltr'><strong>vel</strong></span> <span class='ocrx_word' id='word_1_313' title='bbox 693 4712 829 4775; x_wconf 80' lang='lat' dir='ltr'><strong>fortasse</strong></span> <span class='ocrx_word' id='word_1_314' title='bbox 849 4714 1059 4797; x_wconf 87' lang='lat' dir='ltr'><strong>supplendum</strong></span> <span class='ocrx_word' id='word_1_315' title='bbox 1079 4722 1129 4777; x_wconf 86' lang='lat' dir='ltr'><strong>est</strong></span> <span class='ocrx_word' id='word_1_316' title='bbox 1152 4736 1191 4777; x_wconf 88' lang='lat' dir='ltr'><strong>ex</strong></span> <span class='ocrx_word' id='word_1_317' title='bbox 1216 4713 1434 4797; x_wconf 88' lang='lat' dir='ltr'><strong>superioribus</strong></span> <span class='ocrx_word' id='word_1_318' title='bbox 1457 4715 1522 4775; x_wconf 80' lang='grc' dir='ltr'>ἱπτο·</span> 
     </span>
     <span class='ocr_line' id='line_1_37' title="bbox 435 4810 1525 4897; baseline -0.004 -21"><span class='ocrx_word' id='word_1_319' title='bbox 435 4821 549 4896; x_wconf 66' lang='lat' dir='ltr'><strong>petrin.</strong></span> <span class='ocrx_word' id='word_1_320' title='bbox 596 4813 732 4875; x_wconf 79' lang='lat' dir='ltr'><strong>Necesse</strong></span> <span class='ocrx_word' id='word_1_321' title='bbox 754 4821 862 4877; x_wconf 87' lang='lat' dir='ltr'><strong>nutem</strong></span> <span class='ocrx_word' id='word_1_322' title='bbox 884 4821 944 4887; x_wconf 87' lang='lat' dir='ltr'><strong>est,</strong></span> <span class='ocrx_word' id='word_1_323' title='bbox 967 4825 1005 4879; x_wconf 88' lang='lat' dir='ltr'><strong>ut</strong></span> <span class='ocrx_word' id='word_1_324' title='bbox 1028 4838 1067 4878; x_wconf 86' lang='lat' dir='ltr'><strong>ex</strong></span> <span class='ocrx_word' id='word_1_325' title='bbox 1089 4814 1232 4878; x_wconf 77' lang='lat' dir='ltr'><strong>Africani</strong></span> <span class='ocrx_word' id='word_1_326' title='bbox 1256 4813 1357 4897; x_wconf 88' lang='lat' dir='ltr'><strong>ipsius</strong></span> <span class='ocrx_word' id='word_1_327' title='bbox 1381 4810 1525 4877; x_wconf 73' lang='lat' dir='ltr'><strong>sententie</strong></span> 
     </span>
     <span class='ocr_line' id='line_1_38' title="bbox 436 4910 1526 4998; baseline -0.004 -20"><span class='ocrx_word' id='word_1_328' title='bbox 436 4914 624 4979; x_wconf 81' lang='lat' dir='ltr'><strong>vetustiores</strong></span> <span class='ocrx_word' id='word_1_329' title='bbox 639 4914 757 4977; x_wconf 87' lang='lat' dir='ltr'><strong>fuerint</strong></span> <span class='ocrx_word' id='word_1_330' title='bbox 772 4914 983 4979; x_wconf 85' lang='lat' dir='ltr'><strong>Prometheus</strong></span> <span class='ocrx_word' id='word_1_331' title='bbox 997 4924 1030 4979; x_wconf 87' lang='lat' dir='ltr'><strong>et</strong></span> <span class='ocrx_word' id='word_1_332' title='bbox 1045 4917 1146 4979; x_wconf 79' lang='lat' dir='ltr'><strong>frater</strong></span> <span class='ocrx_word' id='word_1_333' title='bbox 1157 4915 1264 4990; x_wconf 83' lang='lat' dir='ltr'><strong>Atlas,</strong></span> <span class='ocrx_word' id='word_1_334' title='bbox 1277 4936 1373 4998; x_wconf 83' lang='lat' dir='ltr'><strong>qnam</strong></span> <span class='ocrx_word' id='word_1_335' title='bbox 1391 4910 1526 4997; x_wconf 79' lang='lat' dir='ltr'><strong>Cecropis</strong></span> 
     </span>
     <span class='ocr_line' id='line_1_39' title="bbox 435 5015 1525 5100; baseline 0 -22"><span class='ocrx_word' id='word_1_336' title='bbox 435 5016 610 5100; x_wconf 86' lang='lat' dir='ltr'><strong>imperium.</strong></span> <span class='ocrx_word' id='word_1_337' title='bbox 656 5016 760 5095; x_wconf 75' lang='lat' dir='ltr'><strong>Quum</strong></span> <span class='ocrx_word' id='word_1_338' title='bbox 783 5017 867 5078; x_wconf 89' lang='lat' dir='ltr'><strong>enim</strong></span> <span class='ocrx_word' id='word_1_339' title='bbox 887 5018 946 5080; x_wconf 88' lang='lat' dir='ltr'><strong>hos</strong></span> <span class='ocrx_word' id='word_1_340' title='bbox 967 5019 1084 5081; x_wconf 85' lang='lat' dir='ltr'><strong>fratres</strong></span> <span class='ocrx_word' id='word_1_341' title='bbox 1107 5015 1307 5082; x_wconf 85' lang='lat' dir='ltr'><strong>Gothonieiis</strong></span> <span class='ocrx_word' id='word_1_342' title='bbox 1329 5016 1525 5100; x_wconf 84' lang='lat' dir='ltr'><strong>temporibus,</strong></span> 
     </span>
     <span class='ocr_line' id='line_1_40' title="bbox 435 5115 1527 5201; baseline -0.002 -21"><span class='ocrx_word' id='word_1_343' title='bbox 435 5118 489 5201; x_wconf 92' lang='lat' dir='ltr'><strong>qui</strong></span> <span class='ocrx_word' id='word_1_344' title='bbox 512 5117 623 5182; x_wconf 80' lang='lat' dir='ltr'><strong>statim</strong></span> <span class='ocrx_word' id='word_1_345' title='bbox 645 5124 717 5200; x_wconf 89' lang='lat' dir='ltr'><strong>post</strong></span> <span class='ocrx_word' id='word_1_346' title='bbox 737 5118 874 5182; x_wconf 84' lang='lat' dir='ltr'><strong>Josunm</strong></span> <span class='ocrx_word' id='word_1_347' title='bbox 896 5127 930 5182; x_wconf 89' lang='lat' dir='ltr'><strong>et</strong></span> <span class='ocrx_word' id='word_1_348' title='bbox 954 5119 1102 5183; x_wconf 89' lang='lat' dir='ltr'><strong>Seniores</strong></span> <span class='ocrx_word' id='word_1_349' title='bbox 1119 5118 1273 5183; x_wconf 84' lang='lat' dir='ltr'><strong>Israelitis</strong></span> <span class='ocrx_word' id='word_1_350' title='bbox 1297 5116 1436 5201; x_wconf 80' lang='lat' dir='ltr'><strong>praefuit,</strong></span> <span class='ocrx_word' id='word_1_351' title='bbox 1452 5115 1527 5180; x_wconf 78' lang='lat' dir='ltr'><strong>Afri</strong></span> 
     </span>
    </p>
   </div>
   <div class='ocr_carea' id='block_1_3' title="bbox 0 0 1984 6467">
    <p class='ocr_par' dir='ltr' id='par_1_9' title="bbox 0 0 1984 6467">
     <span class='ocr_line' id='line_1_41' title="bbox 0 0 1984 6467; baseline 0 0"><span class='ocrx_word' id='word_1_352' title='bbox 0 0 1984 6467; x_wconf 95' lang='lat' dir='ltr'><strong> </strong></span> 
     </span>
    </p>
   </div>
  </div>
 </body>
</html>
