3917 6467
702 1106 751 1171 IN
773 1105 995 1172 AFRICANI
1020 1103 1269 1171 CHRONIOA.
1465 1103 1527 1166 421

425 1277 476 1335 eet
497 1272 544 1335 ad
560 1272 768 1338 Terebintlem
789 1274 823 1337 in
840 1274 961 1339 Itinere
976 1273 1215 1359 Burdegelensi.
1261 1270 1532 1355 Pseudehegesip-

424 1395 485 1458 pus
499 1372 554 1438 lib.
571 1375 610 1438 iv.
628 1397 696 1460 eep.
716 1395 766 1460 23.
816 1377 1008 1440 Terebinlles
1028 1377 1094 1440 ill-ie
1111 1398 1223 1462 ινοραα
1241 1373 1333 1438 arbor
1351 1397 1372 1437 α
1392 1374 1532 1437 cerelliu-

425 1476 505 1539 ίίοιιο
527 1477 635 1539 mundi
648 1479 750 1561 feisse
770 1491 969 1555 asseveratur,
991 1501 1071 1542 πονο
1092 1489 1192 1543 lamen
1213 1490 1318 1542 etrum
1339 1487 1472 1553 mansel,
1486 1478 1533 1540 in·

425 1587 543 1642 sorsum
558 1576 641 1642 nobie
654 1590 704 1643 est.
753 1581 828 1659 θνα
841 1583 963 1666 quidem
978 1581 1158 1645 terebinthus
1176 1604 1196 1645 ο
1213 1580 1403 1646 Christianis
1421 1599 1534 1641 semme

424 1678 461 1741 in
475 1677 647 1762 celtefee'l.
687 1680 861 1746 Eusebius:
880 1685 951 1746 ὅθεν
967 1683 1060 1746 εἰσέτι
1076 1688 1129 1746 νῦν
1140 1686 1220 1761 παρὰ
1231 1688 1293 1747 τοῖς
1304 1680 1533 1761 πλησιοχώροις,

426 1781 468 1846 ὣς
481 1778 521 1844 ἃν
536 1785 624 1855 θεῖος,
637 1784 654 1844 ὁ
669 1784 759 1848 τόπος
775 1786 816 1850 είς
831 1785 916 1862 τιμὴν
932 1789 991 1847 τῶν
1006 1786 1108 1847 αὐτόθι
1119 1789 1159 1868 τῷ
1173 1787 1315 1863 Ἀβραὰμ
1326 1779 1535 1862 ἐπιφανέντων

427 1884 631 1961 θρησκεθεται,
647 1885 696 1946 καὶ
711 1887 867 1964 θεωρεῖταί
881 1911 917 1967 γε
937 1889 979 1951 είς
999 1891 1085 1965 δεῦρο
1106 1883 1288 1962 διαμένουσα
1307 1882 1533 1962 ἡΤερέβινθας,

427 1985 460 2045 el
471 2008 504 2046 τε
519 1984 560 2067 τῷ
574 1981 715 2064 Ἀβραὰμ
735 1987 961 2063 ἑπιξενωθέντες
983 1989 1031 2050 ἐπὶ
1050 1991 1167 2067 γραφῆς
1187 1987 1386 2062 ἀνακείμενοι,
1407 1985 1459 2046 δύο
1478 1984 1536 2060 μέν

430 2084 624 2162 ἑκατέρωθεν,
639 2087 734 2165 μέσος
748 2088 780 2149 δὲ
801 2089 977 2172 ὁκρείττων
996 2088 1151 2170 ὑπερέχων
1172 2091 1206 2168 τῇ
1228 2091 1306 2171 τιμῇ.
1329 2085 1384 2148 lib.
1400 2107 1428 2147 v.
1445 2085 1536 2146 'Ane-

429 2189 500 2264 δειξ.
517 2205 585 2266 ι47.
602 2186 722 2250 scine.
745 2190 913 2253 Ατιὶνααόο.
926 2194 959 2253 in
972 2188 1225 2265 ChronEneelrii,
1239 2188 1280 2252 ed
1291 2210 1342 2252 en.
1353 2209 1534 2250 nncxxxrv·

429 2308 503 2372 peg.
519 2305 590 2372 209.
604 2289 657 2372 qui
673 2289 705 2352 in
720 2292 982 2356 antecedentibus
996 2292 1082 2356 aliud
1097 2300 1254 2377 praeterea
1270 2289 1460 2374 Hieronymi
1472 2296 1535 2353 tes·

430 2389 599 2454 timonium
623 2391 685 2453 hue
711 2392 872 2474 pertinens
897 2416 937 2457 ex
960 2394 1119 2457 θοινινιοαί.
1141 2393 1173 2456 in
1197 2393 1285 2455 xxxi.
1301 2415 1370 2477 cep.
1387 2390 1536 2454 Jeremiae

429 2491 620 2567 adduxerat,
635 2501 669 2556 et
691 2492 833 2558 θλτοαίοί
852 2518 978 2581 queque
994 2496 1157 2560 Pesclalie
1177 2495 1280 2559 locum
1299 2496 1341 2558 ed
1362 2494 1537 2558 seeundum

431 2591 593 2657 Hadriani
608 2593 689 2678 lmp.
704 2616 832 2661 annum.

476 2694 560 2759 lbid.
577 2695 596 2758 l.
616 2696 699 2775 16.rl
720 2697 746 2760 δ’
761 2699 795 2760 οὐ
821 2701 991 2763 κατεκαίετο
1020 2699 1092 2785 δια]
1120 2699 1201 2763 Cum
1226 2698 1346 2763 indicet
1372 2696 1537 2761 Eustathii

429 2795 520 2861 loeus
534 2798 629 2861 mede
644 2812 838 2863 memoratus
858 2823 942 2885 saepe
962 2808 1125 2864 ostensum
1145 2801 1241 2865 fuisse
1261 2803 1321 2865 hee
1341 2786 1538 2886 pertentunr,

430 2898 507 2963 inde
521 2899 560 2963 fit
568 2899 733 2964 verisimile
749 2924 806 2984 per
818 2902 958 2987 singulas
972 2904 1120 2987 periodos
1134 2904 1251 2987 populo
1267 2903 1415 2988 imperito
1430 2902 1538 2964 lucum

431 3004 553 3066 laetum
569 3000 665 3064 fuisse
680 3024 700 3065 a
717 3003 945 3081 nebulonibue;
967 3014 1041 3089 pest
1061 3005 1115 3068 illa
1135 3005 1218 3068 enim
1239 3006 1278 3068 de
1299 3004 1402 3089 angeli
1424 3002 1540 3067 beeule'

431 3104 474 3168 ab
491 3102 678 3167 Abrehemo
696 3112 790 3169 terrae
810 3106 919 3182 infixe,
936 3128 1007 3191 quae
1029 3107 1140 3171 attulit
1156 3106 1330 3191 Syneellus,
1345 3109 1413 3168 haee
1432 3104 1539 3189 pergit

431 3206 572 3272 seribere
587 3207 788 3284 Emathias,
805 3210 851 3272 καὶ
871 3212 903 3287 ἐξ
922 3211 1010 3286 αὐτῆς
1029 3208 1171 3290 (ῥάβδου)
1188 3209 1206 3286 ἡ
1225 3208 1406 3289 ἆξιάγαστος
1426 3207 1538 3286 ένεφόη

432 3308 617 3389 τερέβινθος.
640 3311 815 3390 ὑποφθεῖσα
837 3314 895 3390 γᾶρ
920 3312 977 3387 όλη
1001 3315 1058 3390 πῦρ
1082 3311 1206 3390 γίνεται.
1230 3310 1278 3372 καί
1305 3308 1453 3388 νομίζεται
1476 3313 1539 3373 τοῖς

431 3415 528 3473 πᾶσιν
543 3412 584 3476 είς
599 3412 681 3474 κόνιν
699 3413 732 3474 ἐκ
751 3415 802 3489 τῆς
822 3412 938 3492 φλογὸς
957 3413 1154 3486 ἀναλύεσθαι,
1170 3415 1416 3488 κατασβεσθεῐσα
1435 3408 1538 3488 μέντοι

431 3511 541 3589 ἀσινὴς
554 3514 611 3591 ὅλη
626 3513 671 3576 καί
688 3513 823 3593 ἀκέραιος
836 3515 992 3577 δείκνυται.
1015 3536 1046 3598 p.
1065 3514 1114 3595 78.

934 3816 1036 3881 XIX.

481 3969 563 4036 Ibid.
582 3970 602 4034 l.
620 3990 670 4051 αα.
693 3975 724 4051 ἐξ
747 3973 781 4035 οὗ
795 3972 881 4059 Ἰὼβ]
907 3973 1028 4051 Joheb,
1051 3974 1103 4058 qui
1122 3974 1206 4038 inter
1228 3981 1373 4059 peste-res
1396 3972 1483 4037 Esau
1506 3974 1538 4037 in

435 4074 547 4139 Gnissi
561 4095 629 4159 eep.
645 4076 749 4138 xxxvi.
766 4098 876 4139 eornm.
893 4096 911 4160 3
915 4098 947 4161 3.
965 4085 1156 4153 recensetur,
1172 4077 1306 4140 eundem
1324 4074 1420 4138 fuisse
1441 4083 1539 4160 etque

433 4177 458 4239 J
461 4175 502 4239 eb
518 4175 571 4240 τὸν
585 4176 672 4248 πάνυ,
689 4177 780 4242 multi
795 4178 964 4243 affirmant.
1012 4180 1074 4242 Sed
1095 4188 1208 4242 eentre
1227 4179 1310 4241 hane
1330 4186 1453 4262 pugnet
1473 4178 1539 4262 epi-

433 4278 563 4342 nienem
579 4277 728 4343 Ueseriue
745 4280 882 4344 Clrenel.
901 4282 987 4344 ὅσον,
1003 4304 1074 4366 sep.
1091 4281 1132 4345 xi.

946 4581 1029 4647 XX.

482 4730 520 4794 P.
538 4733 610 4813 269.
625 4729 645 4793 l.
663 4732 691 4793 6.
707 4732 821 4813 Ἰωσὴφ
843 4734 876 4795 δὲ
898 4732 935 4810 ἦν
958 4734 1032 4795 έτῶν
1053 4731 1108 4814 μ’.]
1134 4733 1217 4796 Cum
1239 4730 1307 4795 haee
1331 4732 1428 4795 verbe
1450 4753 1471 4795 α
1493 4755 1540 4797 ee-

434 4832 609 4919 quentibus
623 4854 787 4917 perperam
803 4833 931 4896 omnino
947 4832 1106 4918 disjuncte
1123 4840 1229 4897 essent
1249 4833 1335 4918 apud
1351 4833 1539 4918 Syneellum‚

436 4936 511 5000 inde
537 4943 688 5018 correpte
710 4935 815 4999 emnia
837 4936 945 4999 Goere
966 4935 1132 5020 interpreti
1155 4941 1333 4998 evaserunt.
1378 4935 1542 5020 Josephur

436 5061 513 5103 vero
548 5037 683 5121 triginta
711 5059 811 5100 annes
840 5045 935 5101 natus
966 5037 1105 5121 AEgypti
1139 5036 1309 5121 praeleetus
1346 5035 1542 5102 eonstitutus

437 5141 544 5205 fueret
561 5140 650 5220 (Gen.
662 5138 725 5202 xlii.
739 5141 828 5223 46.);
846 5140 920 5202 inde
933 5139 1034 5202 eeeuti
1049 5148 1124 5202 sunt
1138 5145 1260 5223 septem
1275 5136 1350 5201 enni
1365 5135 1542 5202 fertilitatis
