3917 6467
484 1069 549 1135 116
848 1068 1202 1134 ANNOTATIONES

531 1240 612 1304 Ibid.
628 1240 649 1302 l.
666 1258 697 1320 4.
714 1240 781 1303 odet
805 1244 863 1321 γὰρ
888 1241 1006 1303 ἔνεστιν
1028 1239 1136 1324 εἰπεῖν]
1161 1239 1301 1324 Propter
1322 1237 1432 1316 verba,
1449 1260 1520 1323 quae
1542 1261 1585 1303 ee-

486 1351 636 1428 quuntur‚
654 1344 702 1405 καὶ
717 1346 773 1422 γὰρ
790 1340 861 1426 tad
878 1343 985 1406 ἄποιον
1000 1341 1076 1404 εἶναι
1095 1340 1191 1423 λέγει,
1208 1340 1334 1404 videtur
1353 1340 1402 1404 vel
1421 1339 1587 1426 legendum

486 1446 583 1510 οὐδενὶ
598 1449 657 1526 γὰρ
672 1445 790 1508 ἔνεστιν
806 1447 911 1516 εἰπεῖν,
924 1443 1040 1506 nemini
1050 1443 1130 1506 enim
1141 1442 1210 1506 licet
1224 1443 1334 1518 dicero,
1344 1443 1394 1507 vel
1407 1443 1588 1507 addendum

485 1574 528 1614 τις
557 1555 633 1610 ante
659 1545 753 1628 λέγει,
778 1561 874 1630 prout
901 1546 933 1608 in
961 1545 1085 1609 Latinis
1111 1546 1298 1608 vertendum
1323 1543 1418 1609 duxit
1440 1545 1588 1630 Vigerus.

481 1648 574 1713 Ἔστι
588 1670 646 1733 pro
662 1649 779 1712 ἔνεστιν
795 1648 827 1710 in
842 1647 931 1711 libris
945 1648 1062 1733 legitur
1077 1648 1244 1711 nonnullis.

532 1752 614 1815 Ibid.
631 1752 651 1814 l.
667 1772 698 1834 5.
716 1752 829 1834 οὐσίας]
858 1750 952 1814 Hanc
974 1773 1089 1814 vocem.
1105 1772 1163 1835 pro
1186 1752 1280 1817 αἰτίας
1304 1750 1424 1814 habent
1439 1749 1590 1813 Mathoae·

488 1854 670 1938 Eecerplor,
685 1853 852 1917 Ρίιίίοοαίία
868 1854 960 1928 edito,
977 1875 1048 1916 cum
1063 1853 1192 1935 ry'osdcm
1206 1850 1439 1938 Εοοαιρίαιίίοο
1454 1852 1589 1928 Meet„

489 1977 558 2038 quae
580 1957 611 2018 in
627 1954 765 2039 Collegio
782 1956 872 2019 Novo
892 1964 926 2019 ot
950 1955 1103 2019 Biblioth.
1120 1954 1212 2018 Bodl.
1227 1962 1414 2027 servantum
1436 1951 1471 2016 in
1492 1975 1588 2038 marg.

488 2079 613 2141 quoque
628 2059 735 2141 Prcrp.
749 2059 868 2142 Εοοιια.
885 2081 905 2121 α
921 2057 1041 2142 Vigero
1056 2081 1118 2120 vox
1132 2058 1244 2120 eadem
1258 2056 1406 2141 adposita
1420 2063 1482 2120 ost.
1529 2055 1590 2120 Sed

489 2161 583 2226 αἰτίας
597 2159 779 2223 Ρίιὶίοοοίίεο
790 2161 866 2223 MS.
879 2160 956 2223 Coll.
975 2161 1067 2222 Tria.
1081 2157 1292 2243 Caetobrtpioe
1305 2166 1339 2222 ct
1348 2159 1459 2243 Praep.
1472 2160 1589 2244 Erosp.

489 2283 561 2326 cum
576 2263 670 2339 edito,
686 2269 754 2325 tum
768 2263 883 2346 scripta
897 2263 931 2324 in
949 2262 1024 2325 cod.
1038 2263 1070 2325 S.
1083 2264 1180 2325 Joea.
1194 2261 1289 2346 Bapt.
1319 2260 1469 2325 Alteram
1485 2271 1591 2324 tamen

488 2363 656 2428 lectionem
682 2364 714 2426 in
740 2363 847 2427 codiee
873 2385 930 2426 suo
958 2363 1113 2427 invenisse
1140 2362 1264 2426 videtur
1288 2361 1445 2446 Georgius
1472 2361 1589 2446 Trape-

489 2466 614 2531 zuntius
640 2467 889 2551 Proeporatioeie
914 2475 990 2530 ante
1019 2469 1134 2531 Graeca
1162 2466 1248 2550 typis
1276 2465 1431 2551 impressa
1457 2464 1591 2530 Latinus

489 2568 658 2654 interpres.

535 2671 617 2734 Ibld.
634 2671 655 2734 l.
669 2688 717 2754 17.
733 2677 814 2754 παρὰ
836 2673 942 2758 λόγον]
969 2675 1024 2737 lta
1047 2694 1086 2736 ex
1104 2671 1280 2735 Philocalia
1303 2669 1397 2747 edidi,
1414 2669 1475 2734 etsi
1500 2672 1591 2751 παρά·

489 2781 586 2855 λογον
597 2775 845 2860 Praeporationir
858 2777 1026 2840 lectionem
1038 2776 1070 2839 in
1082 2776 1165 2838 huno
1178 2774 1305 2837 modum
1316 2773 1448 2857 exponit
1459 2773 1592 2857 Vigems

490 2877 719 2960 comprobante
734 2878 831 2941 ctiam
847 2877 921 2942 Gul.
938 2879 1106 2963 Spenoero,
1123 2876 1177 2962 qui
1192 2876 1395 2940 Ρίιίίοοαίίαοι
1415 2885 1490 2960 post
1506 2876 1592 2940 Tari-

491 3000 567 3041 num
583 2978 692 3041 edidit.
739 2987 757 3014 “
775 2978 839 3042 Hie
854 2981 1024 3061 ἀφορμὴν,”
1039 2981 1086 3043 ait
1103 2980 1251 3064 Vigems,
1269 2988 1364 3063 “pro
1382 2983 1421 3042 'eo
1442 2978 1525 3041 sumi
1544 3000 1592 3040 ar-

493 3089 512 3116 “
529 3080 643 3158 bitror,
657 3081 742 3166 quod
757 3083 895 3146 medium
910 3083 1004 3168 vulgo
1021 3082 1130 3165 Logici
1145 3082 1319 3155 nominant,
1332 3081 1464 3166 ejusque
1478 3089 1547 3145 tam
1561 3080 1592 3143 in

491 3189 511 3220 “
527 3184 641 3267 majori
667 3205 762 3268 qnam
788 3184 821 3248 in
848 3185 961 3248 minori
991 3184 1247 3249 collocationem:
1282 3183 1459 3265 παράλογον
1485 3191 1592 3247 autem

493 3294 515 3324 “
531 3287 679 3367 ἀφορμὴν,
696 3286 908 3370 Sophisticam
924 3295 957 3350 et
973 3288 1155 3367 ἆπατοτικὴο
1166 3286 1410 3371 argumentandi
1425 3286 1591 3362 rationem,

492 3397 512 3425 “
529 3410 593 3472 qua
616 3388 686 3471 quis
701 3388 787 3452 velut
811 3391 930 3476 ἀφορμῇ
955 3391 1102 3473 quadam,
1118 3391 1160 3453 ad
1184 3390 1306 3452 facilius
1329 3389 1466 3453 alterum
1491 3389 1524 3452 in
1546 3409 1592 3451 er·

491 3500 512 3529 “
528 3513 632 3558 rorem
664 3491 874 3555 inducendum
904 3494 1068 3557 abutatur.
1128 3493 1245 3573 Quales
1274 3494 1410 3572 ἀφορμὰς
1437 3491 1592 3555 Socratici

490 3602 511 3631 “
528 3601 658 3678 captare
679 3594 900 3658 videbantur.’'
944 3595 1027 3658 Haec
1048 3595 1199 3679 Vigerus3
1224 3595 1279 3658 sed
1296 3593 1478 3658 Ρίιίίοοαίὶω
1497 3595 1593 3658 inter-

490 3705 613 3781 pretem
629 3697 782 3760 Tarinum
801 3697 832 3758 in
853 3697 912 3759 hoo
934 3698 1061 3781 quidem
1082 3698 1151 3761 looo
1165 3699 1318 3762 vertendo
1337 3697 1440 3782 magis
1459 3719 1591 3782 sequen·

491 3799 567 3863 dum
582 3809 672 3883 puto,
684 3798 787 3863 verbis
802 3799 843 3862 ab
859 3822 894 3862 eo
910 3800 957 3863 ita
970 3799 1085 3863 Latine
1101 3800 1245 3876 redditis,
1256 3801 1309 3863 etsi
1322 3801 1400 3864 enim
1415 3800 1469 3884 qui
1484 3800 1594 3884 quaerit

490 3922 553 3964 rem
568 3902 671 3979 alitor,
687 3923 725 3964 ao
739 3923 798 3986 par
813 3910 873 3978 eet,
886 3902 1048 3988 definierit,
1063 3903 1188 3986 indeque
1202 3903 1293 3965 altori
1307 3924 1414 3966 oasam
1422 3902 1595 3987 proedcrrit

490 4002 639 4087 quodlibet
663 4003 869 4079 concludendi,
886 4026 944 4068 ιιοιι
967 4005 1083 4069 ido-irco
1105 4005 1243 4068 auditori
1263 4003 1465 4088 persuadebit.
1514 4006 1595 4069 Seri-

492 4106 580 4170 bitur
595 4106 627 4170 in
642 4107 790 4170 Ρίιίίοοαί.
807 4109 899 4192 τούτῳ
915 4135 939 4171 κ.
957 4135 981 4170 τ.
996 4110 1025 4172 ἀ.
1037 4110 1135 4172 πείσει
1147 4130 1206 4193 pro
1221 4108 1307 4172 edito
1321 4113 1417 4179 τοῦτο,
1431 4109 1488 4172 sed
1502 4110 1596 4173 alitor

489 4208 582 4290 chrsd
600 4210 676 4272 MS.
696 4209 771 4271 coll.
792 4211 879 4274 Trio.
899 4211 986 4274 Oont.

534 4311 571 4374 P.
587 4331 655 4374 100.
674 4311 694 4375 l.
709 4330 741 4394 3.
757 4310 826 4374 ἀλλ’
844 4315 871 4375 εί
883 4339 911 4376 τι
928 4319 1010 4378 δοκεῖ
1031 4315 1102 4401 tre]
1120 4314 1209 4378 Ante
1229 4317 1310 4378 ἀλλὰ
1330 4315 1445 4379 minori
1465 4321 1594 4378 tantum

490 4412 694 4476 distinctione
710 4435 789 4497 opus
805 4422 872 4478 ost:
896 4437 955 4499 pro
973 4418 1001 4479 εί
1018 4442 1046 4479 τι
1060 4438 1144 4492 vero,
1161 4416 1267 4479 malim
1285 4420 1320 4490 εί,
1337 4419 1364 4490 ὅ,
1380 4444 1419 4480 τι.
1444 4415 1593 4479 Vrornrs

493 4514 729 4598 Amplectenda
758 4523 808 4579 est
834 4518 1015 4581 emendatio
1046 4519 1163 4603 Vigeri.
1217 4518 1367 4582 Clausula
1391 4532 1501 4582 autem
1527 4540 1595 4582 sen·

491 4617 602 4682 tentiae
626 4617 658 4680 in
673 4617 848 4682 Ρίιίίοοαίία
872 4619 916 4682 sio
939 4619 1063 4705 legitur,
1079 4627 1165 4684 τοῦτο
1188 4621 1271 4700 λέξει
1293 4622 1404 4701 παρών·
1429 4625 1513 4684 δυοῖν
1538 4624 1595 4702 γὰρ

491 4720 618 4800 θάτερον
648 4721 742 4783 ἔσται.
803 4721 916 4807 Ejusd.
947 4745 1071 4806 quoquo
1101 4724 1159 4787 dno
1189 4723 1274 4786 codd.
1295 4745 1387 4807 penes
1421 4723 1595 4794 Thoonem,

492 4822 618 4884 Tarino
633 4829 730 4898 teste,
746 4843 804 4906 pro
819 4822 902 4900 λέξει
922 4823 1085 4889 habebant
1104 4827 1201 4903 δείξει,
1218 4825 1303 4909 quod
1323 4825 1450 4908 quidem
1465 4826 1596 4888 verbum

490 4923 621 4989 additur
639 4922 671 4985 in
683 4924 759 4988 Cod.
770 4926 844 4988 MS.
857 4926 934 4990 coll.
951 4927 1039 4990 Tria.
1059 4929 1145 4991 Can-t.
1177 4927 1294 4992 Deficit
1309 4935 1417 4992 autem
1429 4928 1514 4991 inter
1528 4927 1594 4990 haec

490 5026 582 5089 nobis
602 5048 666 5088 non
682 5027 833 5112 Dictoque
853 5031 1060 5106 tantun1,sed
1082 5038 1115 5095 et
1133 5030 1286 5094 Metdodii
1300 5030 1487 5114 Ecoerptor:
1511 5029 1594 5114 quod

491 5138 625 5216 propter
639 5133 804 5217 sequentia
818 5133 998 5198 deflendum
1013 5142 1071 5199 est.
