3917 6467
427 1098 492 1160 454
796 1094 1151 1161 ANNOTATIONES

426 1262 569 1338 maverit,
585 1282 697 1347 parum
712 1270 822 1326 tamen
836 1262 971 1326 laedetur
983 1261 1182 1346 omnpuutio
1203 1262 1358 1346 temporis
1377 1261 1420 1325 ibi
1436 1262 1503 1327 insti

424 1370 509 1428 tnta.

469 1466 508 1528 P.
525 1464 634 1548 283.1.
652 1464 702 1531 28.
718 1474 781 1528 κατὰ
801 1464 1080 1546 18128σί222228]
1104 1463 1222 1530 Subdit
1247 1463 1400 1550 82211312,
1425 1473 1444 1503 “
1455 1466 1508 1529 Ino

426 1574 450 1605 ‘⁶
464 1564 552 1652 ,841ξὸ
556 1615 563 1630 .
581 1566 732 1647 (fortasse
747 1565 917 1651 scripserat
931 1565 1045 1651 ,δρξη’.)
1059 1565 1187 1630 biennio
1201 1565 1340 1630 minus.”
1362 1566 1508 1631 Asi-cde.

426 1668 461 1732 is
474 1665 601 1731 Mi
616 1667 777 1741 Chronica,
792 1689 825 1751 p.
840 1670 893 1731 61.
908 1667 962 1731 ubi
983 1667 1051 1732 baec
1065 1667 1197 1752 Georgii
1218 1667 1369 1731 adduxit.
1413 1667 1471 1732 Sed
1486 1667 1511 1730 in

428 1769 586 1834 Ohrcnico
602 1769 719 1834 Latino
733 1769 775 1833 ed
790 1779 1002 1853 2232212222
1017 1768 1196 1834 Solomonis
1210 1769 1272 1833 boc
1287 1775 1390 1834 extat
1431 1770 1512 1834 Rus

428 1892 526 1935 212222
539 1871 631 1934 aum
644 1870 722 1935 caui
737 1870 816 1950 (scil.
828 1871 869 1934 ab
885 1871 1009 1953 Adam)
1022 1893 1231 1934 aunuum.
1271 1870 1362 1935 Audi
1373 1871 1512 1942 Goarnnz

430 1972 639 2038 “Errantem
662 1971 791 2036 Eusebii
817 1971 971 2035 calculum
993 1972 1138 2037 admittit
1161 1971 1307 2057 Scaliger
1329 1993 1406 2057 pq.
1425 1979 1514 2036 8218111

430 2082 451 2110 “
467 2073 596 2138 Eusebii
609 2094 663 2159 34.
701 2074 782 2137 Post
797 2073 965 2136 Abraham
978 2072 1061 2136 enim
1076 2073 1289 2138 annemundi
1302 2073 1402 2158 3184.
1412 2082 1514 2149 228211,

429 2183 451 2213 “
463 2176 533 2240 aliis
542 2177 615 2260 984
626 2176 757 2251 exactis,
770 2174 948 2238 Salomonis
957 2181 1091 2258 quartus
1099 2176 1185 2260 apud
1196 2174 1377 2239 Eusebium
1387 2174 1514 2239 12812211

429 2285 452 2314 “
466 2277 622 2341 occurrit:
644 2277 767 2361 iserge
786 2297 807 2339 a
825 2276 935 2339 mundi
958 2275 1087 2340 conditu
1111 2277 1210 2357 4168.
1237 2277 1403 2341 duntaxat
1426 2295 1514 2340 nnnc·

429 2385 452 2417 “
467 2377 615 2442 raudus.”
647 2379 731 2440 Haec
745 2378 880 2441 Gnarus
911 2377 973 2458 Qui
988 2378 1114 2461 quidem
1126 2377 1259 2442 Eusebii
1275 2377 1386 2443 latini
1399 2377 1514 2441 calculus

429 2480 552 2566 praebet
566 2500 668 2542 annos
680 2494 776 2559 4172.
790 2500 863 2543 cnm
877 2478 931 2543 illo
945 2486 1059 2543 octavo
1074 2501 1159 2543 anno
1173 2479 1359 2545 Salomonis
1373 2479 1514 2554 finiendos,

432 2581 517 2664 quod
531 2595 582 2645 est
595 2578 721 2644 biennio
735 2579 818 2665 plus,
832 2601 927 2664 qnam
942 2580 1011 2644 haeo
1024 2587 1159 2666 praestat
1176 2583 1275 2662 ῥῆσις.

905 2835 1062 2902 ΧΧΧΙΙ.

477 2989 513 3050 P.
532 2986 641 3067 2841.
656 3007 687 3071 5.
709 2998 751 3050 :al
764 2986 885 3072 κύπρον]
907 2989 1041 3074 Scripsit
1059 2989 1195 3053 fortasse
1215 2989 1386 3075 syncelli}
1406 2993 1508 3069 Κύπρον,

431 3096 529 3173 atque
543 3087 591 3152 ita
601 3088 698 3152 vertit
707 3088 731 3150 J
732 3089 849 3152 acubus
860 3089 1000 3154 Goarus.
1038 3091 1101 3154 Sed
1112 3111 1188 3153 vero
1199 3112 1252 3155 res
1263 3091 1389 3157 incerta
1398 3092 1508 3155 ridetur.

432 3188 564 3252 Diverso
585 3189 669 3252 enim
690 3197 838 3255 auctores
859 3199 982 3255 veteres
1003 3192 1044 3256 de
1064 3192 1191 3268 Therai,
1212 3193 1291 3277 qnid
1313 3216 1425 3258 nomen
1443 3192 1509 3266 velit,

432 3296 625 3353 statuerunt.
671 3290 768 3354 Nunc
787 3292 928 3375 reposuit
949 3295 1066 3373 Θαρσὶς
1085 3315 1143 3377 pro
1163 3294 1217 3357 illo
1238 3297 1376 3375 Θαρσεὶς
1390 3291 1508 3378 syncello

433 3391 627 3453 Dindorfius.

895 3590 1073 3655 XXXIII.

477 3741 561 3804 Ibid.
572 3741 592 3803 1.
608 3761 655 3819 14.
673 3745 828 3815 Ἀφρικανὸς
841 3746 879 3807 δὲ,
890 3746 933 3812 ἔτη
946 3742 1000 3823 cst]
1022 3741 1177 3805 Eusebius
1189 3743 1317 3826 quidem
1332 3745 1364 3807 in
1377 3744 1511 3808 Circeios

432 3864 503 3905 cum
524 3841 661 3926 Georgic
681 3840 741 3902 hac
762 3841 801 3903 de
823 3861 859 3901 re
880 3843 1050 3919 consentit,
1066 3844 1120 3906 sed
1143 3844 1334 3908 Africanum
1353 3845 1455 3909 Billis
1473 3853 1509 3907 tn

431 3951 526 4006 entur
540 3943 572 4005 in
587 3964 608 4019 4
623 3944 697 4026 seq.
714 3964 782 4024 cap.
799 3963 848 4003 xv.
866 3962 977 4005 comm.
997 3961 1047 4024 23.
1094 3944 1147 4008 182
1162 3950 1196 4006 28
1211 3945 1354 4030 Scaliger
1368 3947 1400 4009 in
1416 3943 1512 4009 Grecis

431 4043 613 4107 Eusebicois
627 4042 727 4106 edidit
738 4064 809 4126 pag.
822 4044 875 4120 46.
911 4042 1093 4127 Utrumque
1107 4067 1271 4109 nnmerum
1282 4049 1377 4113 affert
1387 4047 1512 4112 Helm

433 4145 571 4227 Physica
595 4148 783 4227 Anonymus
809 4143 952 4226 Scriptor
977 4167 998 4208 2
1024 4145 1196 4211 Bianccnio
1226 4149 1313 4212 haud
1339 4151 1387 4214 ita
1412 4151 1513 4235 pridem

432 4245 569 4330 primum
584 4245 697 4320 editus,
714 4247 872 4317 Φαλκείας,
888 4245 1002 4328 iuquit,
1019 4248 1036 4308 ὁ
1051 4253 1103 4309 τοῦ
1119 4252 1260 4329 Μαναεὶμ
1274 4254 1339 4318 υἱὸς
1353 4253 1407 4315 τὸν
1421 4251 1515 4330 πατέρα

433 4347 641 4427 διαδεξάμενος
663 4348 866 4427 ἐβασίλευσεν
889 4347 938 4426 ἔτη
958 4346 1001 4426 β’.
1018 4350 1052 4411 ἔν
1072 4350 1157 4434 ἄλλῳ
1184 4350 1211 4413 ι’.
1236 4375 1266 4436 p.
1278 4374 1332 4437 51.
1348 4357 1398 4418 ed.
1416 4354 1515 4419 Hardt.

434 4472 466 4533 p.
488 4467 556 4533 132.

896 4647 1069 4713 XXXIV.

476 4787 556 4850 Ibid.
571 4787 593 4850 l.
610 4806 660 4851 22.
679 4787 734 4872 opst]
758 4790 805 4851 At
828 4810 885 4872 pro
907 4791 999 4853 annis
1021 4791 1075 4870 κη’.
1099 4793 1243 4876 pluribus
1265 4799 1433 4861 contendit
1454 4800 1519 4880 Syn·

430 4889 539 4962 celius,
556 4910 650 4972 quem
666 4888 745 4963 vide,
762 4888 787 4951 si
803 4890 900 4954 lubet.
939 4891 1048 4956 Biblio
1062 4906 1251 4959 2228222221
1268 4900 1426 4963 Africano
1439 4912 1522 4984 atque

431 4989 570 5051 Eusebio
594 4990 805 5052 consentiunt.
852 4991 903 5054 Ita
925 5001 958 5055 et
981 4994 1097 5058 ibidem
1120 4997 1258 5082 scriptor
1281 5005 1378 5067 modo
1400 5004 1521 5071 21121221

431 5088 538 5152 Julius
555 5090 668 5152 Pollux
684 5090 820 5154 fortasse
837 5092 1055 5158 nominandus.
