3917 6467
432 1094 499 1159 318
574 1152 577 1157 .
801 1095 1155 1163 ANNOTATIONES

433 1277 588 1343 Susanna
603 1300 695 1343 versu
710 1281 763 1363 56.
807 1278 859 1344 Sic
870 1287 947 1344 tom.
966 1299 1017 1346 20.
1029 1280 1062 1345 in
1076 1283 1100 1345 J
1102 1282 1196 1346 ohan.
1206 1304 1273 1347 non
1284 1282 1514 1370 longeabinitic

433 1378 498 1442 ait:
527 1376 566 1446 cis
588 1379 622 1444 tr
647 1381 711 1443 εἶσί
732 1405 811 1447 τινες
834 1381 952 1462 σπέρμα
974 1387 1028 1445 τοῦ
1049 1381 1201 1464 Ἀβραὰμ,
1225 1386 1320 1451 οὕτως
1342 1384 1514 1463 mam

435 1480 552 1560 Δανιήλ
581 1490 668 1562 φησι,
695 1481 813 1562 σπέρμα
837 1487 889 1544 τοῦ
915 1486 1041 1546 Χαναὸν
1071 1485 1119 1546 καὶ
1148 1483 1201 1546 οὐκ
1223 1482 1335 1550 Ἰούδα.
1373 1486 1515 1551 Βιωυι

433 1582 511 1647 MS.
534 1581 660 1666 quidem
679 1582 770 1646 Bodl.
790 1582 823 1646 in
843 1581 990 1668 Epistola
1007 1582 1153 1668 Origenis
1174 1584 1217 1648 ad
1233 1584 1424 1651 Africanum
1442 1590 1516 1675 {cipp

433 1685 503 1762 ἡμῖν
523 1704 581 1767 pro
603 1682 709 1768 ἑταίρῳ
732 1684 814 1762 ἡμῶν
835 1683 950 1767 posuit,
966 1684 1023 1747 sed
1045 1683 1175 1749 frustra.
1218 1686 1381 1753 Attamen
1403 1697 1518 1775 propter

431 1785 609 1848 dissensum
623 1785 691 1867 ejus
706 1785 746 1847 de
760 1805 795 1846 re
809 1783 957 1868 quapiam
972 1784 1015 1848 nb
1030 1784 1167 1870 Origene
1181 1786 1320 1852 Bassum
1334 1788 1423 1853 illum
1437 1793 1517 1873 tyrel

431 1913 511 1967 μονα
532 1885 692 1971 appellare
717 1885 889 1949 Africanus
915 1885 1049 1952 ridetur.
1094 1889 1246 1953 Ceterum
1270 1892 1448 1955 notandum
1466 1899 1517 1969 est,

434 1988 736 2073 Interpretationem
753 1988 895 2074 epistolae
911 1987 1066 2068 Maccui,
1081 2011 1177 2074 quam
1197 1989 1311 2056 Sixtus
1334 1992 1517 2060 &usumin

433 2088 621 2154 Bibliotheca
635 2091 749 2153 Sancta
763 2111 821 2153 sua
834 2089 987 2174 reposuit,
1002 2090 1139 2175 priorem
1153 2091 1241 2157 illam
1255 2115 1327 2159 esse
1341 2116 1383 2159 ex
1399 2096 1516 2175 duabus

431 2213 511 2278 quas
525 2197 746 2275 composuerat
761 2179 933 2255 Herretus.

474 2294 513 2358 P.
530 2312 570 2357 22
571 2309 602 2377 5.
617 2292 638 2356 l.
658 2311 707 2355 11.
723 2289 762 2358 cis
778 2292 915 2373 ἔπρεπεν,
927 2291 1110 2373 ἠσπασάρην
1121 2295 1201 2376 τότε]
1218 2294 1383 2359 Nimirum
1396 2316 1517 2360 extero·

429 2394 536 2460 rentia
546 2417 623 2478 erga
634 2394 804 2479 Origenem
815 2415 915 2472 suum,
925 2416 966 2458 ne
978 2394 1152 2480 disputatio
1163 2396 1231 2460 sine
1245 2398 1428 2463 necemria
1436 2418 1518 2463 caua

430 2495 693 2580 interpellaretur.
739 2496 912 2578 Perperam
937 2495 1033 2571 enim,
1058 2495 1090 2559 ni
1114 2495 1215 2574 fallor,
1235 2496 1427 2565 Dalaruaeus
1450 2499 1518 2563 dixit

429 2596 464 2661 in
489 2596 704 2660 Admoailicue
728 2616 800 2680 pag.
826 2597 856 2659 8.
882 2595 1045 2680 scripsisse
1071 2596 1269 2676 Africanum,
1294 2620 1342 2676 ss,
1366 2622 1437 2664 cum
1459 2598 1519 2664 01³.

428 2720 543 2784 genem
560 2699 592 2762 in
611 2696 738 2783 dialogo
757 2719 829 2761 cum
845 2697 1033 2782 Agnomone
1058 2698 1120 2781 (ita
1143 2697 1227 2762 enim
1251 2701 1344 2784 qnasi
1369 2700 1519 2787 proprium

430 2822 545 2866 nomen
563 2784 671 2877 fuci-it,
684 2807 753 2865 tam
772 2799 834 2874 ille,
851 2820 947 2883 quam
963 2798 1176 2877 Wetstenins,
1190 2800 1268 2865 illud
1285 2803 1407 2867 Latine
1421 2803 1518 2879 vertit)

429 2902 581 2967 audiisset
606 2901 771 2965 historiam
798 2900 952 2964 Susanna
978 2909 1131 2984 tanquam
1157 2923 1263 2966 veram
1290 2902 1366 2967 libri
1391 2903 1520 2968 Danielis

429 3011 554 3087 partem
577 3009 888 3080 commemorantem,
907 3001 1045 3086 primum
1067 3011 1197 3085 putasse
1218 3022 1287 3065 rem
1309 3003 1408 3068 istam
1429 3004 1474 3069 its
1491 3024 1520 3068 sa

429 3105 558 3170 habore.
603 3104 667 3170 Sed
682 3105 722 3168 de
737 3104 805 3189 ipso
819 3125 945 3188 quoque
960 3102 1098 3187 Origene
1112 3103 1250 3167 affirmat
1260 3105 1285 3166 J
1287 3125 1362 3169 can.
1374 3104 1520 3182 Frickim,

428 3205 462 3269 in
480 3207 638 3269 Commeat.
654 3206 703 3269 Dc
719 3207 805 3270 Cura
819 3205 932 3268 aaa.
947 3205 1010 3268 Vct.
1025 3205 1117 3268 Oircu
1132 3205 1286 3268 Cononem
1300 3207 1335 3270 S.
1347 3206 1520 3292 δαὶμων,

428 3307 583 3392 quidquid
599 3307 649 3370 ille
670 3329 728 3391 pro
746 3306 880 3370 historia
896 3306 1049 3370 Susannae
1069 3304 1214 3380 senserit,
1230 3312 1263 3369 et
1283 3307 1326 3369 ad
1343 3307 1520 3372 Africanum

429 3408 581 3492 scriptum
602 3408 783 3492 protulerit,
797 3408 913 3492 privati
934 3406 1069 3470 hominis
1088 3406 1194 3482 luisse,
1211 3428 1283 3469 cum
1302 3428 1459 3492 nusquam
1476 3408 1521 3472 ills

429 3511 629 3593 respondeat,
641 3531 675 3572 se
689 3530 760 3571 cum
776 3509 907 3572 ecclesia
921 3508 1040 3572 sentire
1054 3507 1112 3582 ita,
1121 3513 1155 3570 et
1170 3507 1313 3592 opinari;
1328 3531 1400 3594 cap.
1411 3510 1443 3573 ii.
1457 3512 1484 3592 5.
1493 3532 1519 3594 9.

429 3633 500 3697 pag.
521 3630 575 3696 52.
591 3612 717 3674 Frickii
735 3611 957 3674 Melelematam
975 3611 1052 3673 Vor.
1097 3611 1147 3672 At
1169 3629 1244 3672 vero
1267 3608 1308 3672 de
1332 3609 1396 3674 hoo
1415 3611 1520 3688 libello,

429 3713 483 3797 qui
507 3712 702 3775 inversione
728 3719 785 3775 τῶν
812 3714 839 3774 ό.
870 3713 1015 3788 extabat,
1036 3717 1285 3774 commentatum
1309 3710 1408 3775 fuisse
1433 3712 1519 3776 alium

429 3815 615 3898 scriptorem
634 3814 665 3877 S.
683 3813 892 3899 Hippolytum
906 3813 1009 3890 video,
1025 3820 1178 3895 tanquam
1193 3812 1220 3875 si
1234 3811 1315 3875 liber
1329 3834 1423 3876 sacer
1435 3813 1519 3878 suerit

428 3922 462 3979 et
484 3917 693 3991 θεόπνευστος,
708 3916 782 3979 durn
805 3915 1058 3979 Commentarius
1077 3912 1244 3998 Hippolyti
1271 3935 1334 3976 non
1357 3921 1519 3980 tantuma

429 4016 618 4080 Combelisio
638 4019 693 4081 sed
715 4025 750 4081 et
772 4040 792 4080 a
808 4016 956 4080 Fabricio
978 4023 1132 4099 tanquam
1153 4035 1323 4097 germanus
1344 4016 1451 4081 editus
1468 4034 1518 4081 est.

429 4118 625 4202 Hippolytus
634 4134 742 4183 autem
751 4118 899 4204 Origcnis
910 4125 944 4181 et
953 4120 976 4179 J
977 4117 1032 4180 ulii
1044 4115 1187 4179 Africani
1199 4115 1410 4200 aequalisl'uit.
1427 4120 1519 4182 Immo

427 4239 510 4281 nune
525 4219 623 4303 liquet
636 4219 713 4282 mihi
728 4220 880 4305 exipsius
895 4219 1042 4304 Origenis
1057 4218 1161 4281 verbis
1177 4225 1339 4302 receptum
1356 4219 1451 4285 abeo
1460 4242 1519 4284 essa

426 4327 580 4404 tanquam
601 4320 772 4405 Scripturas
794 4321 917 4384 Divinae
938 4328 1062 4406 partem
1084 4321 1237 4384 Susannae
1257 4318 1402 4383 Librum.
1447 4321 1519 4384 Vide

429 4420 578 4507 Lumperi
592 4423 674 4485 Hiar.
694 4423 957 4506 Plataico-dar.
974 4422 1035 4485 vol.
1053 4423 1131 4485 VII.
1146 4444 1179 4506 p.
1196 4441 1246 4505 91.

471 4523 552 4585 Ibid.
566 4522 588 4585 l.
608 4543 656 4603 14.
672 4525 773 4589 ἄλλως
787 4525 978 4605 σύγγραμμα,
994 4523 1168 4603 νεωτερικὸν
1182 4520 1231 4605 δὲ]
1248 4520 1302 4585 Sic
1316 4529 1406 4586 recte
1428 4523 1519 4586 codex

427 4624 555 4710 Regius.
572 4625 797 4688 Wetsthenius
810 4647 902 4689 vero:
926 4627 1027 4692 ἄλλως
1042 4627 1231 4706 σύγγραμμα,
1247 4627 1329 4688 ἀλλὰ
1347 4627 1519 4706 σύγγραμμα

427 4725 600 4806 νεωτερικὸν
624 4728 666 4802 δὲ,
692 4726 751 4790 &a
778 4748 836 4790 neo
856 4726 950 4790 aliter
973 4726 1050 4810 legit
1075 4725 1287 4790 Hoeschelius.
1311 4725 1434 4790 Dassa
1475 4729 1519 4789 At

426 4825 615 4889 Hoesclrelius
629 4826 727 4890 habet
742 4829 841 4894 ἄλλως
855 4852 888 4891 τε
906 4827 1034 4908 γράμμα·
1053 4829 1135 4890 ἆλλὸ
1156 4830 1345 4908 σύγγραμμα,
1361 4835 1433 4892 tum
1452 4848 1519 4891 vero

426 4927 614 5011 particulam
639 4929 672 4990 δὲ
696 4935 770 5012 post
795 4950 904 4992 vocem
931 4929 1105 5008 νεωτερικὸν
1133 4928 1267 5007 omittit,
1291 4951 1428 5014 quocum
1453 4951 1518 4994 con

424 5027 568 5092 sentiunt
583 5029 709 5092 Heracli
730 5029 832 5093 Verrio
847 5030 954 5105 Prior,
971 5037 1069 5113 atque
1084 5030 1184 5094 Mas.
1200 5029 1291 5093 Bodl.
1307 5036 1341 5093 et
1358 5030 1449 5094 triu.

468 5129 506 5193 P.
525 5132 596 5197 226.
613 5128 635 5193 l.
650 5150 681 5215 3.
697 5136 813 5210 πρῶτον
840 5133 893 5194 οὖν
918 5133 963 5194 ὅτι
979 5131 1111 5214 Δανιὴλ]
1139 5130 1275 5195 Addidit
1298 5154 1339 5196 ax
1366 5131 1516 5197 codicibus
