3917 6467
422 1092 486 1157 iffi
804 1082 1160 1150 ANNOTATIONES

425 1263 448 1292 ‘⁴
462 1262 538 1316 suut
552 1251 627 1315 anni
642 1247 847 1334 septuaginta
862 1245 1070 1331 captivitatis.
1090 1245 1126 1308 τὸ
1137 1246 1194 1325 ἀφ’
1206 1241 1243 1308 cd
1257 1242 1375 1308 statuit
1390 1243 1422 1306 iu
1434 1251 1514 1328 capto

427 1365 448 1392 “
462 1355 609 1428 Sodekia
624 1352 658 1415 τὸ
683 1349 765 1432 ἐφ’ὃ
788 1350 821 1412 iu
843 1348 983 1412 seeundo
1005 1368 1091 1411 anno
1111 1346 1206 1411 Darii
1222 1346 1437 1431 Hystaspidre.
1474 1345 1516 1409 De

427 1457 554 1521 “initio
575 1456 659 1519 illius
683 1452 853 1526 intervalli,
873 1474 895 1516 a
920 1473 997 1514 cusu
1023 1449 1181 1526 Sedokiae,
1203 1457 1239 1513 et
1263 1448 1376 1533 templi
1401 1447 1517 1524 excidio,

426 1568 450 1598 “
464 1558 584 1621 multos
605 1563 753 1619 auctores
774 1553 897 1631 habuit,
914 1574 995 1637 quos
1016 1563 1211 1636 sequeretur.
1235 1551 1276 1614 de
1298 1550 1363 1613 line
1385 1549 1448 1633 ipse
1467 1548 1519 1632 pri·

428 1670 448 1697 “
463 1681 545 1734 mus,
557 1667 591 1722 et
605 1658 692 1720 solus
708 1657 901 1721 vaticinatus
915 1663 980 1719 est:
998 1654 1267 1740 quemadmodum
1278 1661 1314 1717 et
1325 1653 1367 1715 de
1376 1651 1521 1715 laxatione

429 1773 450 1800 ‘⁴
466 1761 666 1846 captivitatis
685 1758 874 1843 joculariter
898 1756 1121 1833 hallucinatus,
1144 1777 1243 1843 quam
1265 1755 1432 1840 trigesimo
1451 1774 1523 1816 uano

429 1871 541 1947 “post
562 1861 720 1925 excidimu
745 1860 855 1944 templi
882 1860 1010 1936 statuit,
1033 1866 1070 1923 ut
1096 1859 1235 1943 primum
1257 1856 1475 1942 Olympiadem
1496 1854 1523 1917 in

429 1974 448 2001 “
463 1973 590 2049 tempus
610 1962 633 2025 J
635 1963 767 2026 catham
789 1962 972 2046 conjiceret,
986 1968 1151 2025 auctorem
1166 1959 1362 2024 Africanum
1384 1955 1525 2022 secutus”

429 2065 508 2148 (Sed
524 2087 608 2140 vero,
624 2065 701 2127 dum
724 2064 896 2128 Africanus
918 2064 1057 2148 primum
1079 2084 1198 2126 mnam
1220 2061 1348 2126 Achaei
1372 2061 1462 2146 regis,
1479 2059 1524 2143 qui

428 2167 585 2230 Joatham
608 2175 735 2230 secutus
758 2176 820 2244 ost,
834 2189 906 2229 cum
930 2166 1034 2250 prima
1051 2165 1244 2250 Olympiade
1266 2163 1524 2248 comparabat‚ut

428 2270 497 2355 ipse
511 2269 652 2332 ostendit
664 2268 817 2353 Scaliger,
829 2268 987 2332 Eusebius
995 2290 1113 2331 annum
1125 2287 1169 2351 50
1190 2267 1309 2351 prioris
1320 2267 1405 2350 regis
1414 2263 1526 2328 Azariae

429 2370 581 2457 praetulit,
598 2371 701 2455 primo
716 2380 825 2434 tamen
840 2370 863 2433 J
865 2371 1008 2435 oethami
1024 2372 1056 2432 iu
1077 2369 1288 2453 quadriennio
1304 2368 1467 2453 Olympico
1483 2367 1522 2428 in·

429 2472 527 2537 cluso.
573 2472 639 2536 Hic
664 2473 822 2537 Joetham
845 2472 938 2536 annis
965 2474 1003 2535 16
1025 2471 1195 2556 regnavit.)
1242 2471 1388 2552 “Quare
1409 2469 1527 2533 alterius

431 2584 451 2610 ‘⁴
466 2572 624 2637 intervalli
639 2573 760 2657 primus
775 2596 878 2638 annus
892 2573 916 2636 J
917 2573 1049 2637 catham
1070 2582 1120 2637 est
1135 2574 1169 2636 τὸ
1185 2571 1238 2655 ἀφ’
1249 2570 1294 2645 οὗ,
1312 2595 1418 2636 annus
1431 2591 1527 2635 secun·

430 2686 451 2712 ‘⁴
466 2676 527 2738 dus
536 2674 630 2738 Darii
640 2678 675 2740 τὸ
691 2678 739 2757 ἐφ’
752 2676 779 2748 ὃ,
793 2677 826 2739 in
841 2697 905 2760 quo
920 2675 1199 2760 septuagesimum,
1211 2683 1250 2738 ut
1261 2675 1412 2751 diximus,
1422 2693 1526 2737 annum

431 2789 451 2815 “
466 2778 665 2863 captivitatis
674 2781 803 2855 statuit,
816 2779 1015 2864 Olympiadis
1026 2802 1098 2842 axv.
1108 2800 1193 2842 anuo
1207 2779 1362 2842 secundo.
1393 2775 1526 2860 Quiaigi·

430 2889 524 2944 “tur
538 2881 739 2945 intervallum
759 2882 801 2946 ab
823 2881 939 2945 Exodo
958 2882 1001 2945 ad
1023 2881 1186 2945 eonditum
1207 2880 1332 2966 templi,
1348 2888 1384 2944 et
1404 2879 1474 2942 iude
1492 2877 1525 2940 ad

430 2991 451 3019 “
467 2982 509 3044 ad
524 2984 548 3045 J
550 2984 681 3047 catham
698 3005 817 3069 regem,
832 2985 998 3069 perspicuo
1012 2991 1201 3068 conceptum
1214 2991 1308 3047 extat
1324 2983 1359 3046 in
1374 3005 1463 3047 sacra
1476 2980 1527 3043 his

430 3094 451 3122 “
468 3085 564 3160 toria,
576 3085 650 3149 inde
661 3096 817 3170 quantum
829 3086 957 3150 intersit
970 3087 1014 3149 ab
1029 3085 1164 3157 Exodio,
1174 3084 1216 3148 ad
1232 3085 1374 3169 primam
1382 3084 1527 3169 Olympia

431 3196 451 3223 “
467 3187 541 3251 dem
555 3188 694 3273 ignorari
709 3190 921 3273 nonpotest.'’
954 3189 1036 3253 Haeo
1052 3189 1202 3273 Scaliger.
1240 3189 1291 3252 De
1305 3212 1415 3253 errore
1433 3199 1527 3252 autem

433 3290 579 3354 Africani
593 3290 626 3353 in
641 3312 679 3353 oo
694 3291 779 3373 quod
795 3290 1026 3353 conclusionem
1041 3290 1238 3374 captivitatis
1249 3291 1454 3375 Babylonica}
1467 3309 1526 3352 cum

432 3393 608 3457 certissimo
629 3400 773 3476 tempore
795 3393 936 3456 instituti
958 3416 978 3456 a
998 3392 1082 3476 Cyro
1103 3393 1191 3477 regui
1216 3415 1313 3477 super
1338 3394 1454 3456 Persas
1467 3413 1527 3454 oon·

429 3496 563 3579 jungere
579 3493 705 3569 soleret,
723 3516 796 3555 mox
813 3494 990 3556 dicendum.

476 3599 513 3658 P.
532 3616 603 3679 270.
624 3596 645 3656 l.
668 3616 716 3679 13·
738 3595 967 3679 συνεχρόυισευ]
995 3595 1048 3659 Ita
1071 3598 1145 3659 Ma
1167 3597 1277 3680 Viperi
1302 3606 1336 3661 et
1363 3598 1462 3660 codex
1486 3595 1527 3658 illo

433 3701 465 3762 S.
480 3698 574 3761 loeti.
593 3699 687 3760 Oxou.
704 3719 762 3780 pro
777 3700 1011 3778 συυεχρόυησευ.
1057 3699 1150 3760 Adde
1166 3700 1307 3783 quinque
1321 3702 1439 3764 codices
1453 3700 1527 3762 Gais-

425 3802 601 3886 sordiaaoe.

478 3903 515 3964 P.
535 3920 607 3981 271.
623 3901 641 3961 l.
660 3919 688 3962 2.
707 3905 802 3978 Κῦρος
819 3904 947 3977 Περσῶν
963 3903 1155 3978 ἐβασίλευεν,
1172 3901 1195 3987 ᾧ
1211 3904 1271 3965 ἔτει
1281 3902 1451 3982 Ὀλυμπιὰς
1464 3905 1529 3984 ἤχθη

434 4003 502 4085 νά]
519 4006 703 4080 ἐβασίλευσε
720 4003 793 4063 MS.
812 4000 887 4063 Ooll.
901 4004 934 4063 S.
948 4003 1041 4065 Joea.
1058 4012 1091 4066 ot
1105 4004 1158 4067 alii
1174 4015 1306 4088 qimttsor
1316 4005 1529 4089 Geim'ordiani.

435 4105 484 4167 De
505 4127 603 4188 regno
619 4103 693 4186 Oyri
706 4112 779 4187 post
794 4104 960 4187 Astyagen
975 4112 1159 4188 superatum
1175 4106 1235 4168 hoo
1251 4129 1362 4170 verum
1378 4119 1436 4173 est.
1472 4113 1529 4168 “A

436 4205 541 4268 Medis
562 4207 603 4268 ad
628 4204 776 4279 Persas‚‘'
795 4204 842 4267 ait
865 4205 1016 4268 Petavius
1039 4206 1071 4267 in
1087 4208 1271 4270 Rationario
1295 4209 1399 4293 Temp.
1416 4221 1494 4293 part.
1510 4206 1530 4268 l.

433 4306 486 4368 lib.
503 4306 534 4368 ii.
551 4328 618 4389 cap.
642 4326 687 4368 11.
707 4316 727 4342 ‘⁸
744 4315 817 4389 post
831 4327 932 4368 annos
952 4326 1028 4390 317.
1045 4308 1227 4370 dominatus
1252 4311 1393 4383 transiit,
1416 4311 1532 4373 ineunte

433 4417 455 4446 ‘⁸
472 4407 660 4491 Olympiade
675 4426 728 4491 55.
749 4418 786 4471 ut
803 4408 1008 4491 antiquorum
1024 4409 1163 4471 omnium
1179 4432 1350 4473 cousensus
1366 4411 1472 4484 hebet
1488 4410 1532 4494 qui

437 4518 456 4545 “
475 4518 523 4571 est
540 4517 616 4571 ante
631 4509 793 4571 Christum
809 4529 827 4591 5
831 4509 907 4592 593⁵

480 4610 564 4672 Ibid.
581 4610 601 4672 l.
624 4630 669 4672 ιο.
686 4613 718 4672 al
742 4614 797 4686 μὲν
824 4612 878 4672 οὖν
905 4612 1033 4687 ἱστορίαι
1059 4611 1267 4693 συντρέχουσι,
1286 4616 1386 4692 Κύρου
1411 4642 1443 4677 τε
1466 4615 1533 4695 &ol

437 4712 567 4786 Vereor,
582 4718 619 4774 ut
642 4711 709 4774 haec
725 4711 870 4774 veritatis
892 4711 992 4773 fulcro
1014 4711 1170 4774 nitantur.
1215 4714 1329 4796 Usque
1352 4718 1395 4778 ad
1422 4715 1536 4800 imperii

437 4813 557 4877 Persici
572 4813 710 4885 initium,
727 4814 812 4896 quod
827 4814 869 4877 ab
890 4814 1036 4877 omnibus
1052 4814 1250 4898 Olympiadis
1264 4836 1318 4899 55.
1336 4840 1422 4880 anno
1443 4819 1537 4904 primo

434 4917 631 5000 assignatum
647 4925 707 4990 est,
725 4924 933 4979 numerantur
948 4925 1076 4980 tantum
1092 4917 1308 5001 quadraginta
1328 4919 1457 4984 circiter
1470 4919 1537 4982 anni

433 5018 475 5080 ab
492 5017 583 5081 initio
599 5018 687 5102 regni
703 5019 859 5092 Zedeeiae‚
871 5019 966 5092 unde,
979 5027 1016 5081 ut
1027 5018 1146 5082 diserte
1159 5019 1204 5082 ait
1220 5020 1386 5103 Syncellus
1401 5023 1433 5084 iu
1448 5025 1536 5085 Num.

434 5139 496 5181 xm.
512 5119 733 5203 captivitatem
748 5120 873 5183 orditus
888 5129 938 5183 est
958 5121 1165 5204 septuaginta
1185 5144 1343 5185 annorum
1360 5125 1537 5188 Africanus.

433 5220 610 5305 Propterea
626 5221 820 5306 Babylonico
835 5223 909 5305 Oyri
933 5222 1078 5305 imperio,
1094 5224 1179 5305 quod
1203 5224 1323 5287 multos
1346 5248 1448 5289 annos
1470 5235 1537 5310 post
