3917 6467
430 1073 497 1136 eet
797 1071 1152 1138 ANNOTATIONES

429 1238 571 1320 ρομένοι)
599 1239 767 1326 Ulrietopl.
793 1242 885 1305 Leott.
905 1250 940 1306 et
960 1243 1078 1326 Ιυιοην.
1104 1262 1175 1305 oum
1190 1241 1312 1323 Rufino.
1334 1245 1371 1302 nt
1392 1238 1501 1309 ridetur,

431 1349 527 1405 recte.
551 1341 684 1406 Snrorn.
730 1344 812 1406 Mox
827 1346 1011 1427 καυχώμενοι
1025 1365 1084 1429 pro
1098 1345 1296 1427 χαυνούμενοι
1306 1342 1380 1405 MS.
1391 1338 1504 1423 Nerjelt·

476 1443 514 1506 P.
534 1445 604 1507 186.
618 1445 637 1507 l.
651 1460 682 1528 5.
697 1447 882 1527 βλοψίφρον
897 1447 946 1511 καὶ
959 1445 1201 1528 ι’νιτοκοριστικὸν]
1213 1442 1403 1524 βλασφήμου
1416 1440 1507 1524 φρένα

432 1545 589 1619 (lectionis
618 1546 751 1632 duplicis
780 1547 962 1634 vestigium)
998 1548 1047 1611 καὶ
1074 1545 1261 1628 ὑποκριτικὸν
1285 1546 1362 1609 MS.
1389 1541 1508 1627 Norfolc.

429 1649 651 1730 βλαψίφρονον
673 1651 745 1713 MS.
770 1649 868 1714 Saoil.
894 1672 950 1714 sen
980 1648 1072 1713 Bodl.
1128 1648 1223 1712 Nune
1249 1648 1343 1712 addit
1368 1647 1511 1712 Burtonu

429 1749 514 1813 codd.
529 1751 620 1814 Med.
637 1753 725 1815 Μαι.
740 1751 849 1815 Feta.
867 1751 1084 1816 Heiniehenus
1097 1750 1159 1815 eod.
1175 1750 1387 1814 Dresdensem.

475 1851 558 1916 Ibid.
575 1852 594 1915 l.
612 1870 642 1934 7.
658 1855 700 1919 <le
713 1853 747 1916 τὸ
761 1851 864 1931 μηκέτι
880 1855 1048 1918 κωλύεσθαι
1061 1851 1193 1938 omis]
1215 1850 1300 1917 Olim
1320 1873 1381 1937 pro
1401 1852 1514 1915 καλύεο·

431 1959 481 2018 θαι
495 1955 717 2039 reponendum
737 1955 846 2018 notavi
859 1955 990 2019 verbum
1005 1956 1181 2020 κελεύεσθαι
1196 1961 1329 2039 propter
1344 1954 1453 2038 jussos
1469 1951 1515 2038 spi

429 2056 512 2120 ritus
531 2055 627 2121 salsos
652 2056 754 2134 silere,
770 2078 835 2121 non
859 2063 989 2121 tentum
1012 2057 1073 2121 hoe
1097 2056 1168 2121 loeo
1190 2065 1224 2122 et
1244 2056 1339 2134 iufra,
1356 2057 1414 2121 sed
1434 2056 1517 2121 etim

429 2159 505 2224 alibi
530 2159 616 2244 apud
643 2158 844 2223 Semnonum
870 2158 937 2222 Vol.
956 2158 986 2222 1.
1002 2181 1036 2243 p.
1054 2179 1130 2242 452.
1149 2166 1183 2224 et
1207 2158 1432 2223 Firmilianmu
1454 2156 1518 2242 ept

429 2261 504 2327 stola
520 2263 549 2344 ξ.
568 2261 597 2324 8.
642 2260 739 2324 Nune
754 2282 826 2324 vero
841 2268 973 2346 propter
986 2261 1149 2346 superiora
1162 2263 1260 2326 verbe
1274 2263 1323 2326 καλ
1337 2266 1449 2325 λαλεῖν
1463 2261 1519 2325 et

430 2370 515 2439 λυον,
545 2360 748 2426 retinendum
776 2369 855 2446 puto
884 2363 1061 2436 κωλύεσθαι,
1092 2369 1126 2427 et
1154 2362 1332 2447 legendum,
1364 2362 1520 2425 κωλύεσθαι

429 2469 549 2541 λαλεῖν,
566 2465 613 2527 καὶ
628 2467 753 2528 σιωπᾶν.
800 2463 918 2528 Faeilis
932 2485 1022 2528 error
1036 2473 1167 2549 propter
1180 2464 1213 2527 τὸ
1228 2465 1469 2543 ὀμοιοτελεντόν.

473 2565 558 2629 Ibid.
573 2565 595 2629 l.
610 2587 641 2650 9.
660 2568 734 2629 κατὰ
748 2571 807 2629 τᾶν
826 2566 994 2651 πορηκόον]
1012 2566 1146 2629 Rufinus
1164 2564 1412 2650 indim'plimtoe
1425 2563 1519 2641 vortit,

430 2667 599 2732 Masculus
622 2667 833 2752 ιὐιυιοιιζιοιοι,
852 2689 917 2732 non
941 2667 1033 2732 mule.
1079 2666 1306 2752 Intelliguntur
1326 2667 1414 2731 enim
1434 2667 1457 2732 ii
1477 2666 1522 2753 qui

429 2779 623 2855 praeoeptum
646 2768 786 2845 Domini,
809 2791 872 2853 quo
897 2769 1077 2855 praemoniti
1099 2770 1226 2834 luerent
1248 2777 1285 2833 ut
1306 2791 1328 2833 ιι
1349 2769 1440 2834 salsis
1460 2791 1522 2855 pro·

429 2871 593 2956 prophetis
607 2879 764 2948 caverent,
780 2871 1001 2957 negligebent;
1025 2875 1077 2950 τῆς
1091 2875 1250 2951 διαστολῆς
1263 2877 1316 2935 τοῦ
1338 2875 1450 2953 Κυρίου
1469 2875 1523 2937 ἐπι-

428 2974 658 3052 λανθανόμενοι,
669 2982 706 3037 ut
720 2996 817 3058 supra
827 2973 968 3058 loquitur
982 2973 1034 3037 hie
1048 2973 1263 3039 innominatus
1278 2975 1427 3060 scriptor.
1455 2976 1524 3040 Pes·

429 3074 507 3140 sime
521 3074 835 3159 Christophorsonus.
858 3075 1024 3139 Vntmrus.
1058 3075 1192 3138 Rufinus
1206 3073 1283 3137 illud
1298 3077 1315 3138 ὁ
1331 3077 1478 3157 διάβολος
1489 3077 1524 3141 de

430 3177 589 3240 Montano
603 3176 685 3239 mele
700 3176 856 3260 exposuit.

473 3278 557 3342 lbld.
567 3278 588 3342 l.
604 3298 651 3342 11.
664 3278 718 3356 τὴν
733 3276 1020 3364 ἀποκεκοιμημένην]
1035 3279 1229 3363 Metephora
1239 3285 1290 3342 est
1303 3301 1324 3343 e
1334 3280 1525 3356 mulieribus,

429 3403 499 3466 quae
515 3382 625 3446 relioto
639 3382 746 3446 mariti
761 3382 857 3446 thoro
870 3382 980 3446 furtim
995 3383 1037 3445 ud
1049 3382 1207 3446 moeohum
1218 3389 1399 3446 transeunt.
1443 3383 1524 3447 Nam

429 3488 597 3562 κοιμᾶσθαι,
613 3507 668 3548 seu
691 3485 838 3560 dormire,
854 3484 894 3547 de
917 3484 1098 3568 hujusmodi
1117 3484 1281 3549 adulteriis
1301 3484 1364 3548 diei
1385 3485 1477 3562 solet
1492 3493 1525 3550 ut

428 3585 463 3648 in
475 3585 563 3650 libris
578 3587 676 3650 saeris
691 3586 829 3650 ooourrit
844 3609 907 3650 non
922 3587 1027 3650 semel.
1065 3587 1157 3667 Quod
1172 3608 1244 3650 eum
1258 3608 1322 3649 non
1336 3587 1525 3674 intelligeret

429 3688 748 3773 Christophorsonus,
762 3689 873 3752 erueris
885 3709 984 3753 ιουιαο
998 3690 1178 3773 οοιιιομὶθουι
1189 3688 1294 3752 vertit.
1318 3688 1485 3754 Vimine.

472 3790 555 3855 lbid.
570 3791 592 3854 l.
612 3810 660 3855 ιν.
678 3789 737 3855 κατ’
754 3790 910 3872 ἀλήθειαν]
930 3791 984 3855 Itu
997 3813 1055 3876 per
1067 3813 1229 3878 apocopen
1244 3792 1318 3856 MS.
1330 3792 1422 3856 Bodl.

473 3894 682 3978 Ibid.l.13.xal
692 3883 979 3978 ἑτέρας]8ύνοιλίιιο
988 3893 1044 3970 uit,
1052 3896 1099 3957 καὶ
1109 3895 1225 3974 ἑταίρας
1234 3894 1526 3979 Oltistoplorsonum

427 3996 576 4062 exhibere
590 4018 654 4061 non
669 3995 760 4060 mele.
806 3994 864 4060 cui
879 3996 955 4058 dum
970 4017 1033 4058 non
1047 3996 1215 4074 assentior,
1230 4004 1310 4080 puto
1329 3997 1414 4062 hune
1435 3997 1527 4063 simili

428 4120 519 4161 usum
542 4121 611 4164 esse
634 4098 783 4183 loquendi
802 4096 946 4173 formula,
967 4105 1065 4181 utque
1088 4097 1121 4160 S.
1141 4097 1262 4161 Luonm
1287 4097 1320 4160 in
1338 4099 1527 4186 Εοααμιίίοῑ

423 4198 558 4282 Ἤγοντο
574 4203 607 4265 δὲ
622 4202 670 4265 καὶ
690 4202 785 4281 ἕτεροι
805 4203 857 4265 δύο
877 4205 1034 4280 κακοῦργοι
1054 4200 1110 4264 σὺν
1131 4198 1207 4284 αύτῷ
1227 4201 1427 4281 ἀναιρεθῆναι.
1452 4203 1525 4266 Luc.

427 4302 515 4366 xxiii.
530 4322 585 4387 32.
631 4303 780 4367 Proxime
803 4310 876 4387 post
898 4301 931 4365 in
951 4300 1042 4365 Flor.
1060 4321 1086 4364 1.
1107 4302 1246 4365 seouudu
1264 4323 1360 4365 manu
1381 4303 1525 4367 additum

427 4412 477 4468 est
492 4407 531 4472 cis
541 4413 617 4470 ente
633 4410 732 4485 δῆθεν.
771 4403 882 4469 Vertit
897 4402 1046 4467 nimirum
1058 4403 1202 4481 Rufinus,
1215 4403 1286 4467 Alii
1300 4414 1401 4468 autem
1415 4406 1494 4470 velut
1506 4428 1527 4470 ο

427 4508 541 4572 Sancto
555 4509 678 4593 Spiritu
692 4508 849 4593 repletum,
859 4516 886 4570 et
891 4507 1061 4592 prophetice
1071 4508 1178 4593 pratis
1191 4507 1334 4592 repletum
1341 4506 1505 4592 μυιοόοιιι.

472 4609 554 4673 Ibid.
570 4610 589 4673 l.
611 4612 659 4673 16.
676 4611 724 4674 καὶ
738 4610 805 4676 τοὺς
818 4612 875 4689 μὲν
889 4612 1050 4692 χαίροντος
1064 4611 1113 4673 καὶ
1127 4607 1334 4693 καυχωμένους
1353 4610 1426 4690 ize]
1446 4611 1527 4676 Haeu

427 4710 575 4795 periodus
590 4713 806 4776 eonneotende
820 4718 870 4776 est
885 4734 956 4775 eum
971 4711 1025 4776 ille
1038 4711 1182 4795 sequenti
1203 4711 1256 4789 τὴν
1271 4713 1303 4774 δὲ
1325 4716 1456 4777 καθόλου
1471 4717 1526 4786 δια.

428 4813 480 4879 Sie
495 4814 578 4878 enim
590 4836 699 4877 sensus
710 4814 833 4899 integer
844 4814 1040 4888 absolvitur;
1055 4815 1140 4899 quod
1152 4815 1342 4898 interpretes
1354 4836 1418 4879 non
1428 4816 1525 4879 anim·

426 4917 641 4982 edverterunt.
698 4917 818 4981 Tamen
847 4939 980 4981 ueumen
1006 4918 1188 5002 interpretis
1217 4918 1249 4980 in
1278 4918 1339 4982 hoo
1369 4920 1525 5003 prseoipue

427 5020 537 5097 elucet,
555 5027 590 5084 ut
607 5020 772 5082 vorborum
795 5043 832 5083 ao
856 5042 965 5083 sensus
989 5022 1169 5083 ἀκολουθίαν
1191 5020 1429 5105 diligentissimo
1451 5043 1522 5086 oon·

427 5129 574 5186 sectetur.
622 5123 723 5186 Porro
738 5123 789 5186 hio
803 5123 889 5186 loeus
904 5122 937 5185 in
952 5124 1060 5187 eodieo
1077 5125 1162 5188 Mez.
1179 5123 1265 5187 Med.
1282 5123 1310 5188 F
1311 5125 1365 5188 uk.
1378 5141 1412 5190 et
1428 5125 1521 5189 Savil.
