3917 6467
502 1086 565 1150 126
975 1084 1123 1149 unlus,

504 1257 617 1341 Pauli,
635 1257 825 1326 ⁰tredecim
843 1265 984 1327 tantum
1003 1279 1223 1339 enumerans,
1240 1257 1415 1327 decimam
1439 1266 1603 1349 quartam

500 1398 579 1465 quae
604 1374 716 1443 fertur
740 1375 784 1443 ad
813 1372 999 1457 Hebrae0s‚
1021 1374 1106 1443 dicit
1132 1397 1203 1443 non
1229 1374 1305 1465 ejus
1330 1396 1427 1444 esse:
1458 1370 1543 1445 dsed
1568 1384 1606 1445 et

501 1499 594 1589 apud
623 1496 801 1566 Romanos
827 1519 938 1588 usque
964 1496 1069 1565 hodie
1096 1498 1194 1588 quasi
1221 1496 1324 1566 Pauli
1351 1496 1503 1588 apostoli
1534 1521 1604 1567 non

502 1620 664 1690 habetur.

542 1842 681 1900 ”Enseu
698 1842 736 1897 vi.
755 1859 802 1898 20.
818 1848 869 1897 τῶν
882 1846 929 1897 τοῦ
944 1844 1013 1914 ἱεροῦ
1030 1840 1182 1896 ἀποστόλου
1202 1843 1341 1914 δεκατριῶν
1357 1841 1438 1912 μόνον
1455 1844 1606 1904 ε’πιστολιῖν

501 1947 663 2019 μνημονεύει,
682 1950 730 2017 τὴν
750 1951 815 2019 πρὸς
828 1948 964 2019 Ἐβραίους
982 1949 1017 2017 μὴ
1036 1948 1231 2020 συνοριθμὴσιιι
1247 1950 1302 2005 τοῖς
1323 1951 1436 2005 λοιπαῖς.
1481 1947 1530 2004 Ex
1551 1948 1606 2006 hoe

502 2053 567 2111 loco
589 2051 675 2109 Rich.
698 2051 810 2109 Simon.
833 2050 882 2108 lib.
906 2051 931 2107 Ι.
955 2050 1037 2108 Hist.
1057 2050 1174 2109 Critieae
1195 2051 1276 2109 Novi
1296 2052 1377 2110 Teet.
1395 2073 1423 2128 p.
1442 2069 1508 2130 175.
1523 2053 1606 2111 colli.

501 2158 589 2235 gebat
610 2156 713 2214 Caium
736 2158 860 2230 primum
882 2155 973 2213 fuisse
994 2156 1044 2232 qui
1066 2156 1140 2214 hanc
1156 2155 1318 2235 Epistolam
1340 2157 1431 2215 Paulo
1451 2159 1605 2237 eripuen't,

503 2262 559 2320 nisi
573 2261 652 2339 quod
666 2260 868 2319 Tertullianus
882 2260 986 2319 maluit
1003 2281 1066 2319 eam
1086 2261 1122 2319 ad
1138 2261 1299 2321 Bernabum
1319 2282 1405 2339 quam
1425 2261 1462 2321 ad
1478 2262 1604 2321 Paulum

502 2369 622 2426 referre.
645 2367 831 2425 anmcius.

544 2471 560 2517 (Ι
576 2474 663 2551 Apud
678 2474 821 2532 Ιίοοιοιιοι
840 2473 975 2550 quosdam
999 2472 1122 2532 debebat
1147 2473 1242 2532 dicere
1263 2493 1301 2532 ex
1315 2474 1446 2534 Eusebio
1455 2499 1465 2546 ,·
1488 2479 1545 2533 ἐπεὶ
1566 2480 1608 2534 mi

502 2582 540 2637 eie
553 2582 629 2652 δεῦρο
642 2581 711 2653 παρὰ
722 2579 852 2648 Ῥωμαίων
862 2581 932 2634 τισὶν
945 2581 976 2635 οὐ
991 2581 1117 2649 νομίζεται
1130 2583 1178 2635 τοῦ
1191 2580 1344 2635 ἀποστόλου
1358 2583 1506 2654 τυγχάνειν.
1541 2581 1569 2639 F
1570 2602 1604 2639 Δ·

505 2704 640 2743 niucius.
684 2684 750 2742 Hae
771 2684 807 2742 de
828 2704 859 2742 re
879 2684 995 2754 videsis,
1010 2705 1074 2762 quoe
1096 2685 1230 2764 superius
1250 2695 1428 2744 annotantur
1448 2687 1480 2744 in
1495 2687 1565 2746 Vol.
1583 2689 1606 2747 1.

504 2788 541 2847 ad
560 2790 711 2846 Anonnn
736 2790 953 2846 anuunnnun
977 2789 1023 2847 De
1040 2789 1157 2849 Canone
1179 2790 1255 2849 Nom'
1273 2790 1447 2851 Testamenti
1467 2813 1519 2888 pp:
1533 2812 1606 2868 ιιι,

504 2911 575 2965 422.
605 2891 675 2950 Vid.
694 2892 780 2950 etiam
795 2893 872 2950 infra
887 2913 936 2971 pp.
956 2909 1001 2968 17,
1021 2895 1065 2951 18.
