3917 6467
423 1101 489 1160 450
813 1093 1168 1159 nnsornulonns

425 1262 1197 1348 ditipeislsdieoesequadssomaeipmpkaeom.
1244 1264 1292 1326 Er
1310 1265 1506 1351 &indeptae

428 1365 704 1449 humanam
730 1363 1248 1450 adeditillisb'oulfiiimncis
1270 1366 1509 1431 vimara·

428 1468 594 1551 Besyisms
609 1467 701 1530 ossis
714 1489 764 1528 xr„
780 1477 808 1530 st
821 1466 988 1530 memmi
1007 1487 1085 1542 euos,
1099 1476 1127 1529 a
1144 1466 1308 1531 missit
1326 1467 1392 1532 iilis
1404 1469 1509 1533 David.¹

427 1570 506 1633 Hac
519 1567 677 1653 Apostolm
697 1569 752 1631 ait.
777 1569 867 1650 (Act.
883 1568 947 1631 xiii.
971 1569 1033 1652 19.)
1077 1570 1124 1630 Et
1139 1569 1236 1651 jueta
1259 1570 1362 1654 ἱμιιιη
1383 1570 1512 1656 sedigitas

427 1693 545 1735 ummo
561 1670 703 1755 nuperis
711 1680 779 1755 post
792 1670 884 1733 Jasse
899 1671 945 1733 od
962 1691 1057 1734 annas
1071 1693 1207 1746 nxxxrv,
1221 1671 1373 1735 Iudicem
1392 1674 1511 1758 (nempe)

429 1796 524 1839 mnas
541 1797 633 1836 osaea
648 1795 742 1857 usquo
761 1773 806 1835 ad
818 1772 954 1847 Samuel,
968 1773 1016 1836 uti
1038 1773 1102 1856 ipse
1124 1771 1337 1856 (Apostolus)
1358 1775 1468 1859 integre
1483 1797 1514 1837 re

421 1879 498 1958 sert.
556 1877 655 1954 Quum
679 1885 779 1937 ostem
800 1876 842 1938 iis
862 1875 1021 1939 adam
1041 1874 1120 1938 osai
1138 1874 1223 1938 Saul
1247 1897 1301 1951 ιι,
1325 1897 1393 1939 m
1415 1876 1514 1958 (anub)

434 1980 562 2044 Sami
579 1978 784 2052 memmi,
800 1987 888 2061 atque
901 1977 1079 2041 assimiliter
1091 1976 1184 2039 dmm
1200 1977 1310 2059 (anni)
1326 1978 1436 2041 David
1448 1987 1515 2041 ιιι

431 2080 601 2146 &amaa
629 2079 854 2163 mequod
881 2078 986 2163 templi
1012 2077 1262 2160 mammaea:
1293 2078 1515 2142 mantissis

430 2179 908 2265 simsljsetaApastolsm,past
928 2180 1365 2262 Jauensoysaaooemm
1384 2179 1517 2267 siquem

431 2282 618 2346 Salomonem
631 2291 701 2344 sant
719 2282 797 2344 anni
811 2304 943 2344 nxxxrv.
990 2281 1078 2359 Quod
1088 2281 1117 2344 si
1135 2282 1229 2344 etiam
1241 2303 1307 2364 pra
1324 2282 1428 2365 Moyse
1444 2282 1517 2346 adds

431 2406 526 2448 osaea
539 2384 747 2468 quodraginta
761 2385 796 2445 ia
814 2383 935 2459 deserta
951 2393 1040 2467 atque
1055 2405 1115 2467 pm
1133 2383 1227 2446 Jaeae
1234 2383 1315 2469 filio
1330 2386 1421 2448 Noae
1439 2405 1516 2445 xxm

431 2507 531 2550 mam
543 2485 734 2567 amdjasta
746 2484 884 2569 Apostoli
897 2484 1138 2568 appeliationem
1152 2493 1241 2546 aaut
1253 2485 1336 2547 ansi
1350 2508 1398 2548 nc.
1433 2486 1518 2568 uqa

432 2587 469 2651 id
480 2597 608 2662 matam,
623 2586 677 2649 sed
690 2586 782 2648 αἰαηι
795 2582 1050 2649 Jadicamhiber
1063 2606 1130 2646 cam
1144 2585 1290 2669 Apoaalo
1305 2588 1518 2652 wmsseit:

432 2688 843 2773 maledicentiorem
862 2687 914 2750 ille
932 2688 1023 2750 etiam
1040 2697 1136 2750 tostus
1154 2688 1190 2749 ia
1209 2711 1410 2752 ooocvaasas
1427 2689 1519 2773 sallia!

434 2812 525 2875 usque
544 2790 590 2853 od
602 2789 747 2861 Samuel3
771 2811 843 2852 sam
866 2799 892 2852 et
911 2787 991 2852 inibi
1010 2787 1192 2873 singiliatim
1206 2790 1254 2852 ita
1273 2789 1412 2854 dadau.
1430 2790 1519 2854 v01.1.

434 2915 466 2977 p.
482 2907 552 2975 159.
598 2892 680 2954 Tum
695 2893 800 2976 pergit
816 2892 972 2955 Eusebius
986 2891 1197 2955 chronotaxin
1212 2914 1253 2954 ex
1270 2893 1376 2956 Libro
1387 2895 1520 2957 Judieun

434 2994 582 3077 adjicere.
635 2992 675 3055 In
689 3015 809 3057 maone
824 3017 882 3058 suo
894 2993 1052 3058 Chronico
1065 3015 1167 3057 anuos
1178 2993 1285 3058 minus
1298 3014 1375 3081 500,
1389 3019 1450 3060 nou
1462 3001 1521 3069 600,

437 3094 590 3181 reposuit.

481 3199 519 3260 P.
536 3198 608 3279 283.
623 3194 644 3258 l.
664 3215 713 3279 15.
729 3205 793 3258 κατὰ
805 3201 962 3273 Ἀφρικανὸν
975 3199 1049 3277 ὑπὲρ
1064 3200 1100 3259 τὸ
1115 3197 1198 3281 pass]
1217 3197 1315 3262 Hane
1330 3200 1523 3286 computatio

436 3322 508 3363 nem
524 3297 703 3383 Syncellum
717 3297 777 3360 sibi
792 3297 1009 3360 inconstanter
1028 3299 1237 3382 exprobrasse
1253 3301 1411 3366 Africano
1430 3301 1523 3365 retulit

435 3401 578 3465 Jacobus
608 3401 742 3462 Goams.
790 3397 887 3460 Hunc
916 3399 1002 3460 audi.
1048 3400 1177 3480 “Quod
1207 3402 1249 3464 ad
1280 3404 1429 3467 Africani
1457 3425 1523 3466 com

437 3510 457 3537 “
473 3510 596 3586 putum,
612 3501 655 3562 nil
671 3500 703 3562 in
718 3522 755 3562 eo
771 3498 910 3582 portenti
926 3509 984 3576 est,
1002 3523 1097 3584 quam
1118 3503 1201 3585 quod
1218 3503 1352 3566 Autbor
1374 3504 1525 3589 (Georgius

436 3614 456 3640 ‘⁴
475 3603 650 3687 Syneellus)
674 3601 777 3676 finxit,
800 3601 897 3663 etiam
917 3603 1053 3686 propriis
1073 3605 1114 3666 ad
1135 3605 1203 3687 ejus
1224 3607 1389 3691 exemplar
1411 3605 1525 3692 digestis

438 3716 458 3744 “
472 3707 607 3770 calculis.
654 3705 704 3767 Illi
720 3727 794 3767 vero
808 3705 849 3766 ab
866 3704 994 3767 Israelis
1010 3707 1068 3769 sub
1086 3708 1177 3770 Mose
1193 3709 1394 3791 profectione
1414 3712 1455 3773 ad
1474 3709 1525 3793 pn'·

438 3818 560 3873 “mum
589 3809 698 3892 templi
726 3808 863 3891 positum
892 3807 1028 3890 lapidem
1056 3813 1129 3892 659.
1156 3811 1309 3874 exhibent
1336 3813 1398 3876 hoe
1421 3813 1526 3875 ordine.

439 3921 457 3949 “
476 3913 577 3975 Masis
592 3932 644 3990 40.
669 3913 768 3972 dosue
792 3929 841 3991 27.
858 3902 1024 3972 Seniorunl
1043 3931 1097 3994 30.
1121 3912 1272 3975 Judicum
1289 3934 1367 3994 450.
1393 3913 1467 3976 Heli
1487 3932 1527 3974 ao.

438 4022 458 4050 ‘⁴
477 4014 602 4078 Samuel
629 4033 678 4076 20.
704 4012 779 4074 Saul
801 4032 854 4090 40.
879 4012 983 4074 David
1006 4034 1058 4090 40.
1083 4013 1260 4077 Salomonis
1282 4038 1313 4090 4.
1338 4038 1464 4078 summa
1489 4024 1529 4076 est

438 4125 458 4152 “
475 4121 548 4196 671.
594 4115 681 4178 Huic
703 4114 786 4176 adde
809 4132 859 4192 70.
884 4136 962 4195 quos
989 4115 1141 4178 Africano
1166 4116 1343 4198 superfluos
1368 4121 1530 4201 exprobrat

438 4226 457 4253 “
474 4216 641 4293 Eusebius,
658 4216 869 4300 quadraginta
889 4215 1016 4298 quidem
1035 4218 1187 4297 ἀναρχίας,
1204 4226 1237 4279 et
1259 4218 1376 4295 εἰρήνης
1396 4220 1530 4303 triginta,

438 4326 457 4352 “
474 4340 628 4381 summam
652 4337 725 4397 741.
749 4338 843 4399 quam
867 4338 939 4378 vere
960 4319 1034 4396 ὑπὲρ
1057 4320 1094 4378 τὰ
1115 4314 1182 4397 dp'.
1199 4318 1249 4392 ἔτη
1272 4317 1437 4403 collegisse
1457 4319 1531 4382 Airi-

439 4428 457 4455 “
473 4442 598 4495 eanum,
614 4420 673 4482 boc
688 4425 737 4481 est
752 4440 852 4480 annos
868 4435 943 4498 741.
961 4418 1116 4502 Georgius
1131 4420 1304 4503 scripserit,
1318 4421 1419 4483 etiam
1435 4443 1532 4484 nume·

438 4531 459 4557 “
475 4544 582 4584 rorum
598 4522 763 4605 inexperto
778 4520 946 4584 constabit.
994 4520 1059 4583 Suo
1074 4528 1181 4583 tamen
1197 4543 1292 4596 more,
1309 4522 1343 4584 id
1364 4532 1416 4587 est
1437 4525 1468 4587 in
1487 4524 1533 4586 ad·

439 4624 646 4687 “versarium
672 4623 767 4706 paulo
794 4623 930 4705 iniquius
953 4622 1129 4706 Georgium
1154 4644 1258 4707 agere,
1280 4629 1314 4686 et
1341 4646 1381 4687 ex
1408 4625 1534 4710 propriis

439 4724 649 4807 “alienisque
674 4725 897 4807 conglobatum
924 4724 1052 4808 aliquod
1074 4732 1297 4809 argumentum
1324 4727 1464 4810 objicere
1486 4727 1535 4790 ed·

438 4836 458 4863 “
473 4834 572 4889 verto.
619 4825 829 4910 Septuaginta
843 4826 997 4909 siquidem
1012 4825 1097 4901 anni,
1111 4828 1254 4907 ἀναρχίας
1272 4828 1495 4912 quadraginta
1507 4837 1536 4891 et

438 4938 457 4965 ‘⁸
474 4930 589 5009 ‹lpvjzme
611 4928 756 5012 triginta,
778 4951 857 5012 quos
880 4933 998 4991 οἴκοθεν
1024 4929 1063 4990 de
1086 4950 1144 4991 suo
1168 4928 1329 4992 addidisse
1355 4932 1536 4996 Africanum

437 5039 623 5094 “causatur
653 5030 820 5104 Eusebius,
847 5030 917 5093 aliis
943 5050 1018 5112 450.
1046 5029 1215 5093 Judieibus
1243 5031 1414 5095 attributis
1444 5035 1537 5098 conti·

437 5139 458 5170 “
473 5141 605 5196 nentur:
635 5132 687 5215 qui
705 5131 779 5194 lieet
801 5132 843 5194 ab
866 5129 996 5193 Eusebii
1021 5139 1170 5214 computo
1193 5131 1256 5194 sint
1279 5132 1375 5195 alieni
1399 5136 1537 5219 adeoque
