3917 6467
502 1089 545 1149 88
824 1084 1073 1163 RELIQUIAE
1097 1084 1275 1149 SACRAE.

500 1253 538 1334 έν
556 1257 595 1333 ἐκ
609 1251 790 1359 διαφόρων
803 1253 991 1336 συνεστός.
1015 1252 1093 1333 οὐδὲ
1107 1251 1179 1355 γὰρ
1192 1252 1256 1332 τὸν
1269 1253 1463 1355 ἄνθρωπον
1476 1252 1605 1356 ἔχοντα

500 1388 658 1493 διάφορα
693 1386 786 1485 μέλη
823 1380 1166 1489 κατακερματίᾷιμεν
1198 1392 1247 1469 είς
1276 1384 1403 1466 πολλὰ
1435 1385 1601 1488 γεννητά.

501 1524 598 1619 ἀλλ’,
617 1528 646 1602 ei
674 1526 722 1605 ὡς
750 1523 770 1600 ὃ
797 1521 909 1622 λόγος
927 1523 1079 1611 ἀπαιτεῖ,
1109 1521 1147 1600 έν
1173 1555 1208 1600 τι
1235 1519 1416 1623 γενιητδν,
1445 1519 1510 1600 τὸν
1543 1522 1604 1599 ἀν-

501 1660 657 1758 θρωπον,
685 1654 885 1756 πολυμερὲς
915 1650 1008 1755 πρὸς
1034 1662 1099 1732 τοῦ
1128 1660 1224 1733 Θεοῦ
1255 1653 1441 1756 γεγονέναι
1474 1656 1602 1759 φαμέν·

501 1792 613 1873 οὕτως
631 1787 769 1890 ἀνάγκη
787 1794 816 1868 εί
833 1787 884 1887 μὴ
909 1787 1125 1892 κεχώρισται
1148 1794 1213 1888 τῆς
1235 1792 1325 1888 ὕλης
1344 1792 1364 1869 ὃ
1384 1788 1488 1888 Θεὸς,
1506 1790 1546 1870 ἓν
1563 1790 1625 1876 ros

501 1924 695 2025 ἀγέννητον
727 1920 815 2002 εἶναι
845 1922 974 2024 λέγειν.
1019 1929 1049 2002 εί
1081 1923 1119 2003 δέ
1151 1926 1367 2029 κεχωρίσθαι
1396 1923 1508 2031 φήσει
1540 1960 1603 2021 τις,

501 2054 640 2159 ἀνάγκη
658 2053 749 2136 εἷναί
769 2055 864 2136 τιτὸ
883 2055 953 2135 ἀνά
975 2057 1091 2155 μέσον
1108 2058 1333 2165 ἀμφοτέρων,
1351 2058 1440 2162 ὅπερ
1465 2063 1526 2139 καὶ
1542 2057 1604 2139 τὸν

501 2191 689 2297 χωρισμὸν
714 2192 831 2269 αάτῶν
850 2190 1037 2272 δείκνυσιν.
1069 2192 1244 2272 ἀδύνατον
1261 2192 1333 2295 γὰρ
1354 2196 1393 2274 έν
1415 2194 1605 2273 διαστάσει

502 2323 732 2431 ἐξετάζεσθαί
756 2359 791 2404 τι
818 2322 890 2404 ἀπό
919 2359 1024 2424 τινος,
1052 2328 1116 2407 οὐκ
1143 2327 1246 2413 ὄντος
1273 2328 1393 2433 ἕτερον
1420 2332 1499 2409 καθ
1529 2328 1551 2409 δ
1581 2330 1603 2429 ἡ

503 2458 693 2542 διάστασις
711 2459 877 2560 ἑκατέρου
895 2460 1041 2559 γίνεται.
1072 2460 1160 2563 ὅπερ
1178 2463 1221 2542 οὐ
1238 2462 1343 2567 μέχρι
1359 2462 1489 2544 τοιίτον
1501 2464 1603 2543 ἵστα-
1613 2496 1643 2537 ιο

502 2628 562 2672 ται
589 2595 648 2672 καὶ
674 2589 796 2691 μόνον,
814 2590 915 2671 ἀλλά
942 2595 1002 2671 καὶ
1030 2595 1218 2675 πλείστων
1241 2595 1353 2676 ὅσων.
1382 2594 1424 2676 δν
1446 2596 1520 2699 γὰρ
1548 2600 1604 2677 ἐπὶ

503 2736 576 2809 τῶν
601 2728 664 2808 δύο
686 2727 890 2829 ἀγεννήτων
911 2728 1056 2827 ε’ίπομεν
1079 2728 1203 2831 λόγον,
1229 2740 1357 2811 τοῦτον
1381 2731 1425 2837 ἐξ
1447 2731 1605 2833 ἀνάγκης

504 2866 633 2964 ὁμοίως
651 2870 851 2968 προχωρεῖν
870 2875 937 2965 (for.
951 2883 1073 2941 addend.
1093 2871 1170 2965 δεῖ),
1189 2874 1218 2947 ei
1236 2866 1283 2947 τά
1296 2868 1474 2969 ἀγέννητοι
1488 2868 1606 2967 δοθείη

503 3000 596 3101 τρία.
649 3001 722 3077 Καὶ
745 2997 817 3100 γάρ
842 3002 899 3078 ἐπὶ
926 3001 1064 3081 τούτων
1091 3003 1234 3104 ἐροίμην
1262 3001 1317 3099 ἀν,
1335 3006 1366 3079 εί
1391 3000 1606 3104 κεχώρισται

504 3131 690 3231 ἀλλήλων,
710 3130 732 3231 ἢ
758 3132 803 3210 αὖ
826 3130 939 3213 πάλιν
964 3135 1120 3215 ἕκαστον
1144 3137 1346 3243 ἥνωταιτῷ
1370 3136 1545 3234 πλησίον·
1577 3139 1644 3221 ei15

503 3265 665 3369 μὲνγὰρ
692 3268 859 3366 ἡνῶσθαί
881 3304 935 3353 τις
961 3275 1072 3350 εἰπεῖν
1098 3270 1225 3365 ἐθέλοι,
1242 3269 1307 3348 τὸν
1331 3265 1439 3349 αι’πδν
1461 3269 1607 3349 ἀκούσει

503 3410 556 3510 τῷ
579 3402 710 3509 πρώτῳ
735 3401 859 3504 λόγον·
893 3412 923 3484 εί
947 3408 976 3484 δ
998 3407 1043 3485 αὖ
1066 3405 1179 3486 πάλιν
1204 3406 1492 3510 κεχωρίσθαι,οά
1514 3404 1602 3511 φειί-

505 3538 605 3644 ξεται
621 3536 687 3637 τὴν
703 3536 920 3644 ἐξάνάγκης
938 3550 1003 3620 τοῦ
1021 3541 1231 3645 χωρίζοντος
1250 3538 1465 3620 ὑπόστασιν.

506 3807 536 3863 in
550 3804 664 3865 diversa
681 3805 781 3881 genita
791 3827 800 3874 ;
822 3824 922 3862 verum
942 3805 976 3875 si,
997 3816 1031 3864 ut
1081 3806 1238 3865 divortium
1253 3806 1328 3864 illud
1342 3806 1512 3865 estimetur.
1551 3808 1605 3865 At·

505 3887 567 3965 ipsa
591 3886 666 3944 ratio
691 3884 828 3964 postulat,
854 3904 914 3942 rem
942 3906 1029 3943 unam
1081 3907 1138 3964 quc
1158 3888 1220 3945 haec
1240 3887 1325 3953 ratio,
1342 3907 1401 3945 non
1421 3896 1537 3944 tautum
1561 3887 1650 3946 relao

505 3966 622 4043 quidem
651 3967 789 4043 genitam,
817 3964 905 4022 variis
932 3975 1030 4023 tamen
1081 3968 1111 4024 in
1126 3967 1190 4032 hoc,
1206 3966 1253 4025 vel
1268 3967 1297 4022 in
1316 3987 1375 4024 uno
1393 3963 1607 4043 quopiam,‘sed

505 4066 543 4105 ex
564 4046 696 4124 partibus
718 4045 915 4111 constitutam,
935 4045 1030 4102 homi·
1081 4047 1168 4105 etiam
1187 4047 1218 4103 in
1239 4045 1373 4125 pluribus
1391 4045 1488 4104 locum
1509 4047 1607 4105 habet.

505 4146 572 4184 nem
604 4146 621 4182 a
654 4125 721 4182 Deo
753 4134 937 4202 procreatum
967 4145 1030 4182 esse
1083 4126 1170 4197 Quod
1185 4128 1262 4184 enim
1282 4125 1319 4184 de
1338 4125 1454 4184 duobus
1473 4137 1542 4184 ortu
1561 4146 1607 4185 ca-

507 4204 649 4274 dicimus;
671 4204 719 4277 sic·
733 4224 850 4262 necesse
870 4203 956 4282 plane
978 4216 1032 4272 est,
1083 4208 1214 4265 rentibus
1228 4205 1339 4264 dictum
1354 4216 1407 4270 est,
1422 4205 1453 4263 id
1473 4206 1607 4265 similiter

506 4285 530 4342 si
561 4284 656 4342 Deum
681 4304 698 4342 a
724 4284 844 4341 materia
868 4285 1032 4360 sejunctum
1083 4286 1179 4344 valere
1204 4306 1320 4345 necesse
1342 4286 1408 4351 erit,
1430 4286 1454 4344 si
1476 4286 1533 4345 tria
1556 4300 1651 4365 ραις

506 4384 569 4421 esse
590 4384 687 4441 negas,
701 4382 791 4421 unum
815 4363 958 4422 duntaxat
979 4364 1032 4421 ali.
1083 4376 1192 4424 nentur
1209 4377 1277 4424 ortu
1294 4365 1429 4423 carentia.
1471 4365 1552 4424 Nam
1572 4366 1608 4425 de

507 4443 586 4520 quid,
614 4444 694 4520 quod
724 4443 856 4520 genitum
889 4464 948 4501 non
984 4445 1032 4514 sit,
1083 4445 1140 4503 illis
1149 4445 1250 4504 eodem
1261 4444 1348 4503 modo
1358 4464 1495 4521 quaram,
1504 4456 1607 4504 utrum

506 4543 671 4600 agnoscere.
714 4524 767 4581 Sin
795 4523 831 4580 ab
858 4522 958 4581 eadem
988 4544 1031 4583 sc·
1084 4524 1229 4602 disjuncta
1257 4524 1306 4583 illa
1334 4524 1403 4592 sint,
1428 4545 1465 4583 au
1493 4525 1610 4604 singula

506 4615 617 4661 cretum
640 4623 702 4661 csse
720 4601 809 4671 voles,
831 4603 958 4661 medium
980 4624 1032 4662 ne·
1083 4605 1160 4664 inter
1181 4626 1243 4664 sese
1260 4604 1424 4680 conjuncta.
1475 4605 1509 4662 Si
1538 4626 1609 4664 con.

506 4684 629 4740 cessario
638 4683 774 4759 quiddam
786 4683 862 4741 inter
874 4694 1032 4761 utrumque
1078 4687 1182 4760 juncta
1195 4686 1261 4763 quis
1274 4704 1336 4743 csse
1350 4683 1429 4742 volet
1440 4684 1608 4754 defendere,
1616 4703 1657 4761 30

507 4762 694 4820 statuendum
715 4763 780 4828 erit,
798 4781 857 4838 quo
877 4764 1031 4841 utriusque
1082 4765 1159 4823 idem
1185 4786 1242 4843 ego
1269 4773 1379 4829 contra,
1408 4764 1488 4841 quod
1520 4765 1609 4843 paulo

505 4841 660 4900 discidium
671 4842 851 4902 ostendatur.
881 4842 946 4901 Nec
953 4845 1031 4902 enim
1082 4855 1150 4903 ante
1164 4855 1368 4922 argumentum
1379 4864 1533 4922 opponam.
1557 4845 1609 4902 Sin

506 4922 595 4980 unius
615 4923 651 4980 ab
672 4923 763 4982 altero
782 4922 939 4982 divortium
961 4944 1030 4981 con·
1083 4923 1219 4982 distincta
1238 4924 1387 4989 fatebitur,
1406 4943 1554 5001 nunquam
1572 4924 1609 4981 il.

506 5002 601 5069 stimi,
635 5002 801 5077 dignoscive
837 5013 943 5081 potest,
974 5004 1031 5060 nisi
1082 5003 1139 5061 lius
1153 5004 1248 5082 quarti
1263 5004 1465 5062 necessitatem
1474 5004 1606 5081 effugiet,

506 5081 627 5139 tertium
647 5081 757 5160 aliquid
778 5082 898 5149 suberit,
914 5103 951 5140 ex
972 5101 1031 5156 quo
1082 5083 1160 5159 quod
1174 5085 1229 5141 hoc
1243 5082 1355 5141 discidii
1369 5102 1463 5159 genus
1476 5084 1591 5142 efficiat.
1614 5101 1632 5157 3
1635 5100 1652 5159 5
