3917 6467
784 1076 1138 1144 ANNOTATIONES

941 1410 1026 1477 XII.

469 1550 507 1614 P.
524 1552 595 1635 263.
610 1549 631 1612 i.
649 1567 700 1629 24.
714 1551 768 1612 Ἐκ
785 1553 835 1627 τῆς
855 1552 954 1629 φυλῆς
972 1552 1026 1611 τοῦ
1048 1546 1114 1625 Σῆμ
1136 1544 1207 1631 dra]
1232 1547 1274 1609 ln
1294 1543 1423 1610 Sohedis
1438 1546 1501 1609 Gra·

424 1651 539 1728 hinnis,
553 1652 593 1715 de
608 1651 722 1736 quibus
736 1651 768 1713 in
786 1649 979 1714 Praeiatioue
999 1649 1077 1725 dixi,
1091 1649 1150 1712 hoo
1166 1646 1317 1712 Africani
1336 1647 1504 1732 desoiiptnrn

424 1766 474 1818 est
485 1754 707 1838 fragmentum,
719 1752 769 1816 oui
779 1751 906 1837 quidem
915 1751 1080 1837 praemisit,
1090 1772 1161 1835 quae
1172 1755 1363 1834 sequuntur,
1374 1747 1505 1821 Grabiun

426 1864 446 1891 ‘⁴
462 1853 501 1917 ln
522 1854 678 1919 Chronioo
702 1854 867 1937 Symeonis
888 1853 1087 1939 Logothetae,
1103 1851 1189 1937 quod
1215 1851 1313 1914 modo
1332 1850 1418 1935 typis
1435 1870 1504 1913 nan·

426 1956 558 2019 “datur
584 1977 624 2019 ex
648 1955 749 2039 Regio
772 1954 851 2019 cod.
865 1977 936 2018 oum
961 1953 1171 2019 translatione
1197 1952 1317 2017 Latina
1340 1948 1506 2025 combefisii,

425 2065 447 2094 “
462 2057 546 2120 huno
568 2056 713 2121 Airieani
735 2055 838 2119 looum
860 2054 973 2140 reperi,
997 2054 1050 2139 qui
1077 2054 1163 2141 apud
1187 2052 1369 2137 Synoellnm
1395 2074 1452 2116 non
1468 2073 1506 2114 oe

426 2168 446 2195 ‘⁸
459 2158 589 2222 ourrit.”
634 2161 690 2222 Ita
709 2158 836 2242 quidem
852 2157 1002 2234 Grabius,
1016 2156 1070 2241 qui
1090 2155 1210 2220 unllam
1231 2155 1507 2240 interpretationem

424 2259 519 2344 hujus
535 2261 647 2338 ὀήσευς
663 2259 812 2323 Latinam
831 2258 969 2343 adjeoit;
994 2258 1261 2342 vehementerque
1282 2257 1406 2334 dubito,
1421 2266 1506 2321 utrum

425 2361 486 2425 hoo
508 2362 611 2446 ipsum
632 2360 822 2436 Chronioon,
837 2360 885 2424 vei
908 2360 1022 2424 saltem
1044 2381 1119 2444 pars
1141 2359 1231 2423 istaeo
1253 2359 1425 2444 operis,sd
1444 2358 1507 2421 bono

425 2484 525 2547 usque
544 2462 629 2526 diem
651 2462 736 2546 typis
762 2483 912 2526 oxousum
935 2461 1041 2538 suerit,
1057 2461 1173 2547 quippe
1196 2462 1284 2545 quod
1306 2460 1391 2526 idem
1405 2460 1507 2525 videtur

425 2584 494 2626 osse
515 2570 614 2647 atque
636 2562 781 2626 Annales
803 2563 847 2626 illi
869 2586 890 2626 a
913 2562 1098 2626 Fabricio
1089 2584 1122 2625 ιιι
1145 2560 1293 2627 Biblint.
1325 2563 1381 2627 G'r.
1403 2559 1506 2626 vohri

425 2686 456 2749 p
477 2666 546 2748 158
562 2663 672 2749 primae
686 2663 764 2727 edit.
780 2664 830 2727 his
844 2663 948 2728 verbis
964 2662 1258 2728 oommemoratiss
1262 2663 1441 2728 ‘Simeonis
1453 2661 1507 2725 tte

427 2764 555 2849 ‘gistri
569 2772 602 2828 et
619 2764 808 2849 Logothetae
823 2764 1002 2828 Ghronioon
1017 2764 1182 2828 eolleotum
1200 2786 1241 2828 ex
1257 2765 1353 2829 vnriis
1368 2760 1506 2829 Chronids

426 2877 447 2902 “
462 2883 496 2931 et
518 2867 680 2941 Historiis,
696 2868 738 2930 ab
755 2866 882 2929 Adnmo
903 2888 1003 2950 usque
1025 2865 1066 2930 ad
1082 2866 1331 2931 Constantinum
1351 2866 1506 2951 Porphyro

428 2975 448 3003 “
463 2966 824 3051 penitam—Codex
849 2969 923 3031 MS.
946 2968 1047 3052 Regis
1070 2967 1343 3039 christianissimi,
1367 2989 1429 3052 quo
1451 2984 1506 3027 usus

428 3079 447 3103 ⁸·
462 3076 512 3131 est
535 3067 676 3152 Congius
701 3066 733 3130 in
755 3068 919 3132 Glossario
941 3068 1055 3131 Graeoo
1078 3069 1224 3152 notisque
1249 3069 1293 3131 ad
1315 3068 1507 3132 zonaramet

428 3178 447 3204 ‘⁸
462 3167 533 3231 aliis
548 3169 579 3232 in
593 3170 739 3254 soriptis3
765 3170 882 3233 desinit
897 3171 929 3233 in
946 3171 1050 3235 Leone
1065 3171 1219 3234 Armenio
1239 3192 1313 3234 oum
1328 3170 1507 3254 Theophwt

427 3280 447 3306 “
464 3269 514 3332 oui
531 3270 564 3332 in
578 3269 686 3334 multis
704 3275 890 3335 consonat.”
936 3274 1039 3335 Porro
1059 3295 1099 3336 ox
1119 3272 1158 3334 iis
1180 3294 1251 3355 quae
1272 3280 1390 3356 posteo
1407 3267 1509 3354 scripsit

428 3372 594 3436 Fabrioius
615 3395 645 3457 p.
668 3393 742 3458 352.
765 3375 864 3458 ejusd.
889 3375 948 3437 vol.
971 3382 1099 3438 oonstnt
1124 3384 1250 3458 partem
1276 3383 1405 3439 tantum
1429 3380 1510 3458 poste

428 3475 542 3537 riorem
562 3475 653 3539 istius
670 3476 828 3549 chronici,
846 3476 931 3560 quod
947 3477 1087 3541 Grabius
1106 3484 1347 3546 commemorat,
1363 3500 1384 3540 a
1398 3475 1509 3540 Combe·

428 3575 497 3638 fisio
524 3575 619 3639 fuisso
649 3577 732 3640 inter
761 3578 940 3661 Scriptores
969 3586 1043 3664 post
1070 3578 1303 3663 Theophanem
1329 3600 1414 3641 anno
1442 3577 1510 3654 16⁸5.

429 3676 560 3739 editam.
606 3677 740 3741 Videtur
755 3701 831 3763 ergo
845 3680 983 3742 Grabius
999 3681 1058 3743 hoo
1073 3688 1200 3743 tantum
1218 3678 1297 3743 velle
1319 3679 1432 3753 dinero,
1447 3673 1511 3740 sein

430 3777 586 3839 Chronico
610 3777 774 3860 Symeonis
795 3781 937 3843 Africani
961 3781 1064 3843 locum
1086 3780 1251 3864 reperisse.
1298 3781 1447 3844 Ceterum
1462 3776 1514 3861 piu·

430 3875 511 3939 rima
538 3877 632 3960 hujus
657 3879 779 3959 ῥήσεως,
805 3882 860 3943 sed
885 3883 987 3945 mixta
1008 3882 1088 3954 aliis,
1112 3882 1242 3944 exhibet
1267 3903 1340 3944 oum
1367 3879 1515 3944 chronia»

431 3978 581 4041 Poscdoh
608 4001 661 4042 seu
683 3979 928 4044 Alamndrinarn
948 4004 979 4066 p.
995 3986 1047 4065 36.
1063 3991 1096 4045 et
1111 4003 1198 4065 seqq.
1213 3981 1263 4043 ed.
1280 3981 1450 4066 Ducangii
1462 3990 1515 4042 tun

431 4079 591 4143 Oedrenus
615 4080 646 4142 in
669 4082 884 4144 Historiamm
909 4083 1089 4166 Cmnpestdib
1111 4105 1141 4167 p.
1161 4102 1208 4164 15.
1225 4081 1274 4144 ed.
1293 4082 1397 4145 Paris
1419 4081 1467 4165 qui
1485 4076 1517 4140 ad

431 4182 560 4243 verbum
576 4183 727 4265 majorem
739 4184 808 4266 ejus
819 4193 944 4268 partem
955 4185 1116 4268 produxit,
1127 4183 1254 4246 nomine
1265 4183 1379 4246 itidem
1388 4178 1518 4266 Afrioati

430 4282 567 4364 adjecto.
614 4283 678 4345 ndi
702 4293 736 4346 et
750 4284 894 4368 Eclopam
911 4284 1131 4348 Chronieorum
1153 4306 1182 4368 p.
1201 4286 1385 4368 234—236.
1407 4299 1519 4368 quatuo

431 4383 538 4446 oodioe
556 4383 626 4445 MS.
645 4384 746 4447 Puris.
769 4407 870 4469 nuper
895 4386 996 4450 edidit
1020 4385 1198 4449 Oromenus.
1247 4387 1320 4448 Hoe
1346 4408 1421 4449 vero
1446 4381 1519 4448 Airi-

432 4484 501 4548 oani
525 4485 747 4570 fragmentum,
772 4487 803 4548 in
830 4486 1022 4551 Chronieum
1046 4510 1138 4551 suum
1165 4486 1338 4549 Eusebium
1365 4488 1453 4549 haud
1475 4484 1519 4546 de·

432 4586 614 4670 sumpsisse,
637 4609 719 4649 nuno
741 4589 872 4650 tandem
900 4589 991 4652 nobis
1016 4588 1116 4672 liquet
1142 4611 1183 4651 ex
1211 4587 1367 4649 Armenia
1395 4586 1522 4672 ejusdem

433 4687 583 4751 Chronioi
606 4688 886 4770 Interpretatione‚
904 4711 975 4771 quae
998 4709 1096 4772 opera
1115 4688 1254 4751 virorum
1277 4687 1522 4750 doetissimorum

432 4811 533 4873 nuper
548 4789 677 4873 prodiit.

477 4891 559 4954 Ibid.
576 4891 596 4952 l.
611 4908 661 4974 25.
674 4888 731 4952 ὑπὸ
746 4895 798 4952 τοῦ
813 4892 937 4974 πατρὸς]
957 4890 1053 4955 Hune
1064 4893 1217 4954 Dora-aum
1232 4890 1374 4976 appellnt
1391 4884 1524 4954 Chronioi

434 4993 596 5056 Pasodolis
610 5001 741 5064 auotor;
759 4993 898 5072 Οὐρανὸν
914 5016 988 5056 vero
1002 4996 1105 5055 Anon.
1117 4993 1262 5077 Soriptor
1273 5002 1351 5056 ante
1363 4992 1523 5062 Mnilelam,

432 5093 587 5158 referente
603 5116 685 5157 nuno
700 5093 737 5157 ol.
754 5093 901 5156 Bekkero
917 5093 949 5155 in
966 5116 1086 5178 nupera
1102 5093 1239 5158 editione
1255 5091 1403 5157 Cedreni.
