3917 6467
468 1095 532 1162 iso
799 1094 1040 1178 uumounn
1064 1096 1237 1162 sunum.

467 1268 556 1372 πρὸς
574 1266 616 1346 τὸ
636 1267 885 1373 φυλάττεσθαι
907 1268 972 1367 τὴν
992 1275 1064 1347 τῶν
1089 1274 1403 1374 ψευδοπροφητῶν
1419 1269 1567 1372 ἐγρηγο-

466 1401 580 1508 ρθτως
597 1402 809 1503 παρουσίαν·
844 1407 877 1480 οί
903 1401 940 1482 δὲ
965 1405 1012 1485 ὡς
1038 1403 1130 1509 ἁγίιρ
1154 1402 1326 1500 πνεύματι
1344 1405 1403 1482 καὶ
1421 1409 1566 1508 προφη-

467 1541 554 1642 τικῷ
583 1535 780 1638 χαρίσματι
807 1533 1042 1637 ἐπαιρόμενοι·
1079 1538 1136 1615 καὶ
1162 1537 1228 1640 οὐχ
1255 1536 1387 1636 ἥκιστα
1413 1533 1567 1640 χαυνού-

466 1695 577 1768 μενοι·
606 1669 752 1764 καὶτῆς
777 1670 972 1766 διαστολῆς
997 1677 1061 1747 τοῦ
1082 1670 1216 1771 Κυρίου
1241 1667 1567 1769 ἐπιλανθανόμενοι·

467 1799 509 1882 τὸ
527 1801 747 1906 βλαψίφρον
766 1803 823 1879 καὶ
843 1798 1118 1904 ὑποκοριστικὸν
1135 1804 1193 1880 καὶ
1209 1800 1421 1882 λαοπλάνον
1434 1811 1675 1900 irminae-,5

468 1937 749 2038 προύκαλοῦντο·
787 1933 996 2034 θελγόμενοι
1026 1937 1083 2014 καὶ
1111 1935 1337 2033 πλανώμενοι
1364 1937 1422 2014 ὑπ’
1454 1936 1570 2031 αι’ποῦ,

468 2075 521 2153 είς
547 2068 589 2148 τὸ
619 2067 744 2168 μηκέτι
770 2067 974 2147 κωλύεσθαι
1000 2068 1069 2166 (for.
1105 2067 1309 2147 κωλύεσθαι
1333 2075 1471 2165 λαλεῖν,
1498 2070 1569 2167 καὶ)

469 2209 624 2283 σιωπᾶν.
655 2208 762 2306 τεχνῇ
783 2203 825 2281 δέ
838 2235 916 2298 τινι,
936 2209 1081 2300 μᾶλλον
1100 2202 1137 2281 δὲ
1154 2201 1299 2306 τοιαύτη
1312 2201 1453 2308 μεθόδῳ
1467 2235 1570 2280 κακο-

469 2337 608 2442 τεχνίας
634 2336 654 2413 ὁ
680 2334 850 2430 διάβολος
876 2333 941 2434 τὴν
968 2334 1061 2414 κατὰ
1086 2341 1157 2415 τῶν
1175 2333 1366 2437 παρηκόιον
1389 2335 1570 2414 ἀπώλειαν

469 2469 780 2576 μηχανησάμενος,
809 2472 868 2549 καὶ
891 2471 975 2572 παρ’
1007 2469 1113 2575 ἀξίαν
1140 2471 1196 2548 ὑπ’
1226 2470 1343 2548 αὐτῶν
1365 2469 1569 2569 τιμώμενος,
1580 2510 1675 2555 -ι

470 2604 682 2712 ὑπεξηγειρέ
705 2636 743 2685 τε
770 2608 827 2685 καὶ
849 2603 1141 2710 προσεξίκαυσεν
1159 2605 1276 2683 αι’ντῶν
1297 2601 1363 2702 τὴν
1387 2607 1570 2682 ἀποκεκα-

469 2739 629 2839 μημένην
647 2738 718 2818 ἀπὸ
737 2743 800 2837 τῆς
814 2744 889 2817 κατ’
905 2737 1075 2837 ἀληθειαν
1089 2739 1245 2820 πίστεως
1258 2735 1426 2816 διάνοιαν·
1447 2739 1496 2820 ὡς
1514 2741 1570 2817 καὶ

470 2872 588 2978 ἑτέρας
624 2873 722 2958 τινας
757 2872 820 2953 δύο
852 2881 1022 2974 γυναῖκας
1055 2876 1240 2975 ἐπεγεῖραι,
1272 2876 1329 2952 καὶ
1366 2880 1430 2951 τοῦ
1467 2869 1571 2951 νόθου

469 3008 669 3106 πνεύματος
704 3014 912 3108 πληρῶσαι·
959 3011 1007 3090 ὡς
1040 3010 1098 3086 καὶ
1135 3013 1262 3085 λαλεῖν
1298 3005 1483 3111 ἔκφρόνως
1514 3009 1570 3086 καὶ

470 3144 623 3246 ἀκαίρως
651 3143 709 3220 καὶ
736 3138 1052 3243 ἀλλοτριοτρόπως
1081 3140 1209 3239 ὁμοίως
1236 3143 1288 3246 τῷ
1314 3140 1567 3248 προειρημένῳ.
1580 3163 1675 3218 51!

470 3280 529 3357 καὶ
539 3274 621 3361 τοὺς
633 3275 699 3374 μὲν
714 3277 904 3380 χαίροντας
922 3276 980 3353 καὶ
1000 3274 1245 3377 καυχωμένους
1262 3276 1315 3352 ἐπ’
1331 3275 1438 3380 αὐτῷ,
1452 3308 1567 3372 μακα-

469 3411 626 3516 ρίᾷνντος
643 3418 706 3490 τοῦ
724 3410 933 3508 πνεύματος,
954 3411 1013 3487 καὶ
1032 3408 1090 3486 διὰ
1103 3416 1166 3487 τοῦ
1179 3407 1349 3508 μεγέθους
1367 3414 1441 3486 τῶν
1455 3410 1568 3510 ἐπαγ·

471 3544 661 3649 γελμιίτων
679 3549 948 3651 ἐκφυσιοῦντος·
975 3543 1052 3622 ἴσθ’
1075 3542 1145 3645 ὅπη
1164 3541 1202 3620 δὲ
1221 3543 1279 3620 καὶ
1301 3542 1571 3642 κατακρίναντος

472 3849 505 3888 oc
519 3824 642 3888 sollicite
656 3827 815 3885 observare.
854 3825 912 3882 Alii
926 3843 996 3884 vero
1047 3847 1197 3906 oppressus
1219 3826 1359 3886 excitavit
1377 3823 1518 3905 paulatim
1539 3845 1571 3884 sc

472 3909 554 3968 velut
588 3918 688 3967 sancto
721 3905 835 3985 Spiritu
864 3916 894 3964 et
928 3926 995 3984 pro·
1047 3908 1247 3966 vehementius
1258 3905 1454 3965 inflammavit.
1476 3906 1675 3985 Qum-ff

473 3988 580 4068 phetiae
613 3987 706 4066 gratia
741 3985 810 4044 elati
845 3985 996 4063 inflatique
1047 4007 1084 4065 pe
1098 3987 1170 4045 duas
1188 3987 1258 4044 alias
1276 3985 1464 4045 mulierculas
1482 3987 1569 4045 susei-

472 4067 578 4126 mirum
606 4066 636 4124 in
664 4066 792 4130 modum,
819 4077 849 4125 et
874 4065 995 4124 distine·
1047 4067 1130 4134 tevit,
1154 4076 1184 4124 et
1208 4066 1373 4125 adulterino
1394 4066 1501 4145 spiritu
1525 4086 1569 4125 re·

472 4147 562 4206 tionis
584 4168 600 4205 a
621 4145 749 4204 Domino
771 4156 997 4224 praemonstratae
1048 4146 1157 4225 plevit;
1197 4145 1269 4204 adeo
1296 4156 1330 4204 ut
1357 4146 1427 4224 ipsae
1455 4165 1571 4224 quoque

473 4227 591 4306 penitus
605 4223 698 4291 obliti,
709 4224 791 4282 illum
804 4226 996 4283 infatuantem
1047 4226 1167 4304 perinde
1201 4246 1235 4284 oo
1273 4246 1360 4304 supra
1393 4236 1571 4284 memoratus

474 4316 505 4366 et
529 4305 707 4365 adulatorem
732 4304 870 4382 vulgique
894 4305 997 4364 seduc-
1048 4301 1106 4374 ille,
1127 4305 1226 4364 insana
1254 4305 1385 4382 quedam
1408 4314 1439 4363 et
1464 4297 1675 4385 impos-G

474 4396 567 4445 torem
602 4385 735 4464 spiritum
770 4383 848 4442 ultro
883 4384 919 4442 ad
953 4384 996 4442 lo·
1047 4397 1119 4444 tuus
1141 4396 1228 4464 utque
1255 4386 1348 4443 aliena
1371 4384 1570 4462 loquerentur.

474 4466 622 4560 quendum
634 4465 837 4543 provombant,
847 4466 924 4541 capti
934 4465 997 4541 ejus
1049 4465 1091 4523 Et
1107 4486 1156 4524 eos
1173 4466 1290 4543 quidem
1305 4466 1354 4542 qni
1373 4485 1408 4523 eo
1425 4484 1458 4522 re
1477 4464 1572 4524 delec-

475 4543 618 4604 illeeebris
631 4555 661 4603 et
676 4544 706 4601 in
720 4544 852 4602 fraudem
873 4545 996 4603 inducti.
1048 4546 1184 4604 tabantur
1214 4555 1302 4623 atque
1329 4545 1570 4609 intumescebant.

477 4624 543 4683 Hae
577 4625 669 4701 igitur
707 4635 769 4683 arte
808 4644 859 4682 seu
899 4624 998 4703 potius
1048 4625 1167 4702 spiritus
1189 4625 1240 4683 ille
1264 4627 1363 4684 beatos
1386 4623 1571 4703 predicebat,

475 4704 578 4763 fmude
598 4725 631 4764 ac
649 4705 775 4762 versutia
794 4703 926 4763 diabolus
947 4704 998 4762 ud·
1048 4717 1078 4763 et
1123 4705 1329 4783 promissorum
1371 4699 1675 4782 magnitudinefi‘

476 4803 576 4843 versus
605 4805 654 4842 eos
687 4784 737 4860 qui
770 4784 848 4843 dicto
881 4784 997 4842 Domini
1049 4785 1254 4864 supramodum
1288 4783 1417 4842 inflabat.
1475 4784 1571 4842 Inter.

476 4863 627 4923 audientes
663 4883 721 4921 non
754 4874 846 4929 erent,
874 4864 997 4923 exitium
1049 4865 1117 4922 dum
1144 4874 1240 4923 tamen
1264 4864 1440 4940 conjecturis
1462 4874 1493 4922 et
1515 4863 1572 4922 fide

475 4944 665 5012 machinatus,
681 4964 746 5002 cum
766 4943 877 5002 abillis
896 4945 998 5001 imme·
1048 4945 1143 5022 dignis
1164 4943 1342 5022 argumentis
1361 4953 1457 5009 utens,
1478 4943 1571 5022 polum

475 5022 534 5082 rito
552 5024 705 5089 coleretur,
729 5034 840 5082 mentes
861 5044 959 5082 eorum
982 5045 998 5080 a
1048 5045 1097 5083 eos
1129 5024 1347 5090 moriennam,
1375 5042 1435 5100 quo
1463 5023 1572 5082 scilieet

477 5121 545 5162 veru
568 5104 625 5162 fide
647 5105 817 5162 secubantes
839 5123 997 5178 somnoque
1047 5104 1134 5162 etism
1168 5102 1381 5181 objurgatorius
1412 5103 1635 5178 videretur-35
