3917 6467
423 1101 488 1162 488
805 1091 1164 1158 'ANNOTATIONES

339 1319 344 1326 .
425 1265 500 1330 For.
516 1263 640 1348 legend.
655 1265 699 1328 tls
713 1263 963 1325 ἔννεακωδέκατα
978 1261 1179 1341 διαιρεθείσης
1192 1259 1280 1337 μέρη,
1297 1258 1416 1331 τούτων,
1431 1255 1517 1319 τόνέ,

426 1367 583 1431 conseras
597 1366 681 1429 enim
697 1386 769 1448 quae
783 1365 928 1449 proxime
942 1370 1019 1448 post
1032 1363 1210 1426 adduntur.
1252 1359 1406 1423 Petavius
1419 1368 1519 1435 autem,

426 1468 479 1554 qui
494 1468 599 1530 lo'eum
613 1467 791 1551 exscripsit,
808 1468 848 1530 de
864 1467 969 1529 verbis
984 1466 1067 1529 silet.

471 1572 510 1633 P.
522 1590 596 1653 303.
612 1569 633 1631 l
649 1590 680 1652 9.
695 1571 808 1634 τούτων
833 1573 871 1632 τὰ
893 1571 941 1653 εἱ]
971 1570 1037 1632 Pro
1059 1567 1152 1632 πέντε
1174 1587 1348 1652 perperam
1370 1564 1523 1628 exhibebat

426 1672 526 1736 πάντα
540 1680 625 1735 teste
640 1672 749 1734 Goaro
761 1672 836 1734 MS.
846 1670 1013 1734 Borbsrin.
1052 1670 1118 1734 Hic
1132 1678 1245 1734 autem
1259 1668 1450 1753 apponenda
1463 1675 1525 1730 suut

429 1773 553 1837 Petavii
568 1773 714 1856 quaedam
730 1773 762 1834 in
784 1772 853 1835 loco
874 1773 971 1835 modo
991 1780 1254 1835 commemorato.
1303 1779 1326 1808 “
1344 1769 1526 1854 Epiphanius

426 1882 449 1912 ‘⁸
465 1873 591 1937 Haeuesi
606 1873 661 1937 illa
674 1872 788 1935 Lxx.
800 1874 953 1936 adversus
964 1874 1133 1938 Audianos
1141 1872 1365 1947 ’ἰουδαΐζοντας
1375 1872 1525 1945 disserens

429 1985 450 2012 ‘⁸
465 1975 635 2039 Paschatis
658 1976 857 2051 methodum,
872 1976 1051 2059 cujusmodi
1074 1975 1162 2060 apud
1182 1974 1374 2038 Gathelioos
1395 1982 1484 2049 esset,
1497 1995 1527 2036 ao

429 2087 450 2114 ‘⁶
464 2077 585 2140 lunaris
599 2076 688 2160 cycli,
704 2085 803 2161 atque
819 2079 1020 2162 Epaoturum
1038 2077 1197 2141 rationem
1217 2075 1381 2160 exposuit.
1426 2074 1462 2137 lu
1476 2094 1528 2158 qna

430 2189 450 2216 “
465 2179 601 2242 horauiae
613 2179 741 2262 quidem
752 2179 955 2263 appendices,
964 2202 1002 2243 ao
1014 2178 1157 2243 minutiae
1168 2178 1274 2241 locum
1287 2178 1427 2241 habeut:
1441 2199 1528 2261 neque

431 2291 451 2318 ‘⁸
465 2282 525 2345 hoc
543 2280 742 2365 Epiphanius
756 2280 904 2364 ignorare
918 2280 1044 2364 potuit:
1067 2280 1124 2344 sed
1137 2280 1307 2344 facilitatis
1322 2280 1441 2365 gratia,
1451 2287 1483 2342 et
1495 2278 1528 2342 ad

429 2392 451 2421 “
466 2383 551 2468 vulgi
573 2392 703 2466 captum
725 2384 968 2447 accommodata
990 2383 1135 2447 oratioue
1155 2390 1405 2467 praetereuntur.
1450 2383 1528 2464 Quod

431 2485 639 2548 “Africanus
664 2485 748 2569 apud
779 2484 954 2547 Eusebium
978 2485 1011 2547 in
1037 2485 1226 2569 fragmentis
1249 2485 1370 2570 Scalig.
1390 2485 1529 2560 declarat,

432 2597 452 2624 “
466 2588 521 2651 ubi
537 2588 680 2651 Danielis
696 2587 914 2650 hebdomadas
929 2587 1157 2672 interpretans,
1172 2609 1278 2650 meros
1298 2587 1429 2651 lunares
1443 2608 1530 2650 anuos

431 2697 538 2752 “esse
564 2689 651 2753 dicit
698 2689 782 2751 Nam
806 2711 878 2752 cum
900 2689 1139 2753 Octaeteridem
1165 2711 1330 2773 exponens
1356 2696 1425 2753 tres
1449 2689 1481 2752 in
1500 2710 1532 2751 ea

432 2800 454 2828 “
469 2813 594 2855 menses
614 2790 796 2854 intercalari
817 2791 972 2866 dixisset3
997 2799 1168 2876 propterea
1192 2791 1280 2875 qnod
1305 2791 1422 2855 solaris
1442 2812 1531 2854 annus

432 2901 454 2931 ‘⁴
469 2893 580 2957 diebus
600 2900 727 2957 constat
748 2894 847 2978 365l,
862 2892 983 2956 lunaris
1001 2915 1077 2956 vero
1096 2913 1171 2977 354,
1186 2893 1301 2957 statim
1321 2894 1389 2958 ista
1408 2893 1531 2978 subjicit

434 3001 455 3031 ‘⁸
470 2995 523 3073 Ml,
537 2994 573 3072 δή
587 3019 631 3060 τις
643 2996 718 3073 ἡμᾶς
732 3001 792 3057 τῶν
803 2998 878 3058 surh
889 2996 1091 3075 ἀστρονομίαν
1105 2994 1424 3075 διο.-σννετέμομεν.
1461 2995 1533 3059 Tum

435 3095 600 3181 “subjicit
621 3096 852 3160 accuratiorem
876 3097 951 3159 anni
972 3096 1139 3180 utriusque
1159 3096 1421 3180 descriptionem.
1443 3119 1531 3182 quun·

436 3206 455 3235 “
471 3220 567 3283 quam
582 3219 620 3261 ea
635 3198 763 3260 minime
778 3219 850 3260 cum
866 3197 939 3260 Sole
957 3197 1114 3282 congruit.
1162 3197 1282 3262 Scribit
1301 3199 1409 3263 enim:
1433 3207 1491 3266 τοῖς
1508 3201 1533 3262 bl

436 3309 456 3338 “
473 3299 517 3363 ἐπ’
534 3302 902 3379 ἆκριβές-διαρεθείσης,
919 3299 994 3380 μέρη
1010 3304 1121 3364 τούτων
1136 3305 1173 3364 τὸ
1189 3299 1222 3365 r'.
1266 3302 1371 3365 Porro
1392 3305 1426 3366 in
1446 3324 1534 3366 comm

437 3413 456 3440 “
471 3404 608 3486 pristiam
636 3403 690 3486 qni
719 3401 840 3485 mocula
869 3401 1010 3465 subtilius
1039 3405 1208 3488 ioqcirunt,
1235 3405 1319 3468 illud
1341 3429 1455 3491 qnoque
1477 3429 1534 3491 per·

436 3512 457 3540 “
472 3503 641 3566 scribemus.
687 3508 798 3566 Annus
818 3504 915 3587 icitur
934 3503 1058 3587 quilibet
1078 3504 1181 3568 diebos
1192 3507 1265 3588 fere
1285 3519 1401 3571 constat
1423 3533 1534 3580 (nocuus,

438 3615 457 3640 “
473 3616 499 3669 et
518 3608 657 3690 portiom>
681 3606 820 3689 quinque,
835 3616 903 3690 quot
924 3607 1046 3669 diosas
1065 3629 1124 3669 nos
1144 3609 1238 3671 situel
1258 3612 1459 3673 noeenndscim
1479 3634 1535 3673 ceu

438 3719 457 3744 ‘⁸
473 3709 575 3771 tinnit.
626 3709 752 3770 Annum
777 3708 824 3770 uit
851 3717 998 3771 constare
1023 3709 1133 3772 diebus
1157 3714 1278 3798 3⁶5&
1325 3715 1397 3793 Qua
1422 3715 1536 3777 ratione

438 3821 458 3847 ‘⁸
475 3811 618 3894 sequitur
644 3811 760 3872 habere
788 3819 943 3892 praeterea
969 3811 1065 3874 horas
1092 3817 1121 3886 6,
1147 3817 1236 3896 ¹⁸r's·
1261 3814 1308 3880 ita
1331 3825 1369 3879 ut
1393 3816 1537 3900 Tropicus

438 3926 460 3951 ‘⁶
476 3935 579 3977 annus
594 3912 615 3973 J
620 3912 726 3974 uliano
742 3911 784 3974 sit
799 3913 912 3996 major.
937 3914 1021 3995 quod
1038 3914 1122 3977 haud
1144 3915 1219 3991 scio,
1234 3938 1276 3978 an
1294 3918 1467 3981 Africanus
1486 3917 1536 3980 sibi

440 4025 460 4055 ‘⁸
476 4015 700 4103 persuaserit.'''
724 4037 754 4098 p.
774 4033 808 4076 21
822 4036 844 4076 ι.
868 4015 915 4077 vel
939 4036 1006 4096 ¹09·

484 4119 566 4181 Ibid.
582 4118 602 4180 l.
623 4136 669 4179 ιν.
687 4119 735 4179 καὶ
749 4116 955 4201 τετραμορίον]
976 4118 1076 4179 Voces
1091 4140 1110 4180 a
1125 4118 1194 4182 loco
1209 4119 1321 4183 alienae
1341 4131 1429 4197 sunt,
1446 4144 1538 4205 neque

438 4227 655 4306 agnoscuntur
671 4241 691 4280 a
708 4218 868 4302 Scaligero
883 4218 914 4279 in
930 4217 1121 4282 Eusebioeis.

484 4324 568 4386 Ibid.
584 4322 604 4384 l.
623 4341 668 4405 13.
685 4327 781 4400 μερῶν
801 4319 851 4407 εἲ]
870 4321 1080 4385 Desideratur
1096 4323 1129 4386 ε’.
1145 4323 1177 4386 in
1194 4323 1346 4410 Scaligeri
1363 4326 1541 4390 Eusebicnis

441 4427 497 4491 Fit
512 4446 585 4488 vero
606 4431 738 4508 propter
758 4423 913 4498 lacunam,
931 4446 1025 4507 quam
1048 4434 1121 4509 post
1142 4429 1185 4492 εἷς
1204 4430 1241 4489 τὰ
1262 4428 1332 4490 νοε’.
1350 4429 1457 4514 signat
1474 4431 1541 4493 Sca

440 4531 527 4616 liger,
545 4529 634 4612 cujus
649 4536 757 4591 sutem
773 4526 859 4589 nulla
880 4528 963 4591 ratio
984 4528 1095 4591 habita
1116 4537 1165 4592 est
1185 4530 1217 4591 in
1234 4530 1390 4594 Parisinis
1410 4533 1540 4616 scriptis,

440 4644 477 4699 ut
499 4632 605 4706 verba,
623 4653 693 4713 quae
717 4629 861 4712 proxime
884 4638 958 4712 post
981 4638 1165 4713 sequuntur,
1181 4630 1357 4716 intelligere
1381 4656 1541 4718 nequeam.

442 4738 554 4820 Neque
573 4756 610 4797 eu
631 4755 760 4817 prorsus
780 4731 913 4815 intelligi
934 4741 1077 4815 possunt,
1093 4732 1119 4794 si
1142 4732 1336 4817 Scaligerum
1356 4737 1469 4808 audis;
1494 4736 1542 4820 qui

441 4839 481 4901 de
496 4837 654 4912 omnibus,
671 4856 740 4920 quae
756 4835 840 4896 inter
855 4835 923 4896 haee
939 4834 1065 4917 scripsit
1078 4834 1259 4910 Africanus,
1270 4836 1303 4898 in
1318 4837 1404 4901 huuc
1418 4840 1542 4901 modum

442 4948 461 4977 “
478 4940 625 5024 loquitur.
670 4944 691 4976 “
709 4937 789 5017 Quae
819 4936 870 4999 hic
901 4937 1192 5015 demonstrantur,''
1218 4938 1331 5021 inquit,
1359 4950 1378 4977 “
1396 4941 1422 5003 si
1453 4943 1544 5004 modo

443 5050 464 5079 “
481 5043 540 5104 hoc
562 5043 782 5104 demonstrare
803 5047 861 5114 est,
878 5039 918 5102 de
937 5039 1097 5101 mensibus
1117 5048 1150 5103 et
1171 5041 1261 5103 annis
1280 5040 1455 5118 lunaribus,
1468 5044 1544 5127 jam·

443 5153 463 5181 “
480 5145 597 5208 dudum
611 5166 631 5207 a
642 5142 735 5205 nobis
751 5141 852 5204 diluto
864 5150 949 5205 stunt.
991 5142 1125 5225 Reliqua
1137 5143 1247 5205 melius
1258 5144 1439 5228 explodere,
1453 5168 1544 5229 quam
