3917 6467
438 1082 503 1147 856
543 1081 737 1149 ANNOT'I'.
762 1085 809 1151 IN
832 1085 1055 1153 AFRICANI
1081 1087 1224 1154 EPIST.
1248 1084 1463 1159 AD-Anlsr.

437 1250 527 1312 αὐτοῦ
542 1249 634 1328 δήμου
653 1253 699 1314 καὶ
719 1257 842 1333 πατριᾶς
862 1258 912 1332 τῆς
931 1256 1019 1333 αὐτῆς
1037 1256 1216 1336 ζεύγνυσθαι
1236 1253 1312 1334 πρὸς
1330 1253 1424 1335 γόμου
1440 1279 1505 1333 παρα·

438 1352 601 1428 κελεύεταο,
616 1349 654 1418 tie
669 1352 707 1416 ἂν
721 1353 761 1433 μὴ
776 1355 1004 1436 περιστρέφοιτο
1019 1361 1071 1419 τοῦ
1086 1351 1192 1437 γένους
1206 1357 1224 1418 ὁ
1239 1359 1348 1432 κλῆρος
1363 1355 1420 1418 ἀπὸ
1438 1358 1507 1433 φυλῆς

438 1451 486 1513 nn
501 1451 613 1532 φυλήν.
660 1453 738 1516 Ηωο
752 1455 934 1537 Africanus.
975 1457 1075 1520 Porro
1089 1456 1236 1520 νοσοκτίία
1251 1455 1306 1520 boa
1319 1455 1404 1519 modo
1415 1455 1508 1539 Joepii

435 1552 539 1636 stirpe,
553 1552 647 1616 aimrd
663 1554 754 1617 etiam
769 1556 887 1620 Μανία
903 1578 997 1642 parem
1015 1579 1085 1642 qsoe
1102 1578 1138 1621 aa·
1158 1557 1265 1621 eodem
1288 1556 1371 1620 biba
1391 1566 1451 1620 arat
1466 1557 1508 1617 ori

436 1653 531 1729 undo,
546 1653 637 1717 tacito
649 1657 813 1739 sepositam
832 1668 884 1722 en.
929 1661 1009 1744 Lapa
1025 1660 1175 1744 mquidem
1189 1660 1291 1724 Masis
1311 1660 1391 1722 inter
1408 1658 1510 1721 diem

435 1751 532 1816 tribas
545 1754 674 1819 homines
687 1768 774 1821 erant
788 1761 880 1823 vetito
894 1759 1050 1825 manabis.
1098 1762 1162 1825 Uni
1174 1762 1254 1824 onim
1270 1782 1308 1824 ου
1321 1759 1418 1823 eodem
1423 1757 1510 1843 ροροίυ

436 1854 595 1940 eadamque
606 1867 692 1941 qma
705 1859 815 1922 ουυίίοτ
832 1859 940 1925 πνουν
956 1862 1149 1947 praecepitur,
1165 1883 1203 1926 na
1220 1883 1285 1926 sora
1298 1859 1510 1946 pots-irnoaiiie

436 1954 533 2018 aliam
546 1955 659 2020 tribum
677 1960 890 2043 transferatur.
936 1964 1138 2048 Argumenta
1158 1963 1312 2039 omnium,
1328 1968 1473 2046 quotquot
1487 1959 1510 2022 in

436 2057 640 2123 traditionem
659 2060 802 2125 Africani
817 2070 1020 2148 torquentur,
1035 2064 1234 2150 gravissimo,
1249 2064 1334 2149 quod
1356 2063 1472 2126 ducitur
1482 2082 1511 2124 ax

436 2159 603 2224 omissione
625 2162 803 2226 stemmatis
816 2185 899 2228 verae
920 2164 1063 2249 parentis
1082 2164 1215 2241 Christi
1230 2165 1285 2250 qui
1307 2165 1375 2250 ipso
1396 2160 1512 2238 enotuit

435 2262 609 2346 apostolus,
634 2265 668 2326 ἐκ
690 2263 859 2345 σπέρματος
886 2269 988 2345 Δαβὶδ
1013 2271 1086 2332 κατὰ
1110 2268 1218 2348 σάρκα,
1241 2267 1442 2332 satisfaceret
1462 2265 1512 2328 haeo

435 2359 567 2427 Eusebii
588 2365 809 2449 appendicula,
827 2367 853 2430 si
875 2369 971 2432 modo
993 2376 1115 2433 certum
1140 2369 1218 2432 illud
1238 2360 1362 2446 fuisiset,
1379 2368 1458 2453 quod
1473 2365 1514 2428 lt

436 2463 632 2530 ebardsonus
647 2466 688 2528 V.
703 2467 744 2530 D.
756 2468 796 2533 de
812 2467 917 2533 Estha
927 2469 1055 2555 quidem
1070 2470 1217 2546 dooebat,
1229 2470 1385 2555 virginem
1398 2469 1514 2533 Mariam

435 2566 597 2647 ἐπίκληρον
617 2567 723 2646 fuisse,
738 2569 803 2633 eive
824 2568 983 2635 haeredem
1005 2593 1044 2636 ex
1066 2593 1149 2649 asse,
1166 2571 1215 2635 veI
1237 2571 1446 2648 eohaeredem,
1459 2591 1515 2634 nam

435 2665 475 2730 de
494 2667 545 2732 his
563 2669 638 2735 solis
658 2680 851 2757 praeeeptum
869 2673 954 2758 quod
968 2673 1089 2737 indicat
1105 2673 1272 2749 Eusebius,
1290 2673 1445 2738 Momioe
1456 2671 1517 2757 legis

433 2767 467 2831 iu
481 2791 551 2856 oap.
567 2772 671 2836 xxxvi.
689 2775 852 2838 Νυυυονοκ.
867 2774 1107 2859 intelligendum
1120 2796 1188 2838 esse
1203 2774 1380 2839 clarissime
1400 2781 1516 2839 constat.

434 2869 480 2935 Et
506 2874 665 2939 nutavisse
684 2875 752 2959 jam
777 2874 869 2938 video
894 2875 936 2938 ad
956 2875 989 2938 S.
1006 2876 1102 2938 Luoae
1123 2896 1191 2959 oap.
1208 2875 1242 2938 ii.
1258 2896 1291 2954 4,
1307 2892 1339 2959 5.
1358 2875 1397 2939 cI.
1419 2875 1518 2938 Roseu-

432 2975 557 3053 muller,
580 2984 724 3060 “aperta
746 2976 826 3040 satis
850 2975 1019 3040 ostendere
1044 2975 1164 3040 Lunam
1191 2975 1335 3041 Mariam
1356 2999 1398 3040 ex
1422 2996 1519 3063 genere

433 3083 454 3112 “
469 3076 605 3141 Davidis
619 3077 723 3141 fuisse.
772 3077 856 3141 Nam
876 3076 994 3160 alioqui
1014 3076 1047 3140 in
1066 3077 1193 3141 familia
1213 3099 1279 3142 suae
1294 3078 1376 3142 urbe
1395 3075 1520 3163 profiteri

434 3189 453 3218 “
468 3180 638 3244 debuisset
686 3179 821 3243 Videtur
840 3187 948 3243 autem
970 3178 1078 3243 Maria
1100 3178 1199 3242 fuisse
1220 3178 1326 3242 haeres
1348 3179 1452 3262 patris
1469 3177 1521 3240 filio

432 3292 454 3321 “
469 3281 627 3356 destituti,
643 3302 718 3344 nam
733 3280 812 3344 alias
827 3280 964 3344 foeminae
980 3303 1043 3344 non
1055 3281 1164 3345 relatae
1181 3281 1301 3345 suntin
1316 3282 1446 3346 tabulas
1459 3281 1522 3366 pub

433 3393 453 3421 “
468 3383 571 3448 Iicas.”
603 3383 684 3447 Haee
698 3382 760 3446 ille.
800 3381 956 3445 Parentes
966 3381 1106 3445 Mariam
1119 3382 1410 3447 habuisseJoaoim
1424 3385 1521 3447 etAn

431 3508 505 3550 nam
517 3484 685 3569 perhibent
700 3491 822 3547 veteres
837 3484 1048 3568 scriptumne
1064 3483 1178 3568 quibus
1193 3482 1409 3568 Epiphanius,
1422 3483 1522 3548 saeoulo

431 3594 548 3672 quarto
566 3585 716 3662 scribens,
734 3584 873 3648 Mariam
889 3585 936 3648 ait
955 3584 1109 3657 extitisse,
1127 3586 1174 3647 καὶ
1189 3586 1221 3646 ἐκ
1235 3585 1346 3664 μητρὸς
1356 3584 1470 3664 'Arvas
1485 3585 1523 3646 καὶ

431 3693 464 3753 ἐκ
485 3689 596 3769 πατρὸς
615 3685 760 3765 Ἰωακείμ·
787 3686 994 3767 σνγγέυισσαν
1013 3689 1045 3749 δὲ
1068 3690 1118 3763 τῆς
1131 3684 1310 3764 Ἐλισάβετ,
1327 3690 1359 3765 ἐξ
1383 3691 1466 3750 οἴκου
1484 3688 1523 3747 καὶ

432 3795 555 3870 πατριᾶς
577 3793 629 3852 τοῦ
645 3791 754 3866 Δαβίδ,
771 3788 888 3850 Haerae.
907 3788 1117 3851 LXXVIII.
1134 3810 1204 3872 cap.
1225 3807 1272 3867 17.
1320 3787 1448 3853 Extant
1469 3786 1522 3872 qui·

431 3893 503 3955 dem
529 3891 625 3954 verba
650 3890 796 3974 quaedam
822 3889 1045 3952 obscurissima
1073 3891 1158 3974 apud
1190 3890 1397 3967 Talmudem,
1424 3890 1523 3974 quibus

430 3991 600 4078 signifieari
623 3998 730 4055 oenset
753 3992 894 4053 Mariam
908 3991 1015 4072 filiam
1036 3992 1110 4055 Heli
1134 3992 1351 4076 Lightfootus,
1376 3994 1476 4056 Horis
1495 3991 1523 4052 ia

429 4098 549 4159 lanam
573 4094 625 4157 xii.
652 4113 703 4176 23.
758 4092 908 4157 Getarum
936 4093 969 4154 in
999 4093 1086 4156 libris
1115 4115 1239 4177 quoque
1266 4093 1333 4156 suis
1360 4095 1524 4175 Διαφουίαυ

429 4200 613 4280 εὐαγγελίων
628 4196 800 4260 Eusebium
816 4196 975 4279 quondam
991 4196 1160 4280 protulisse
1173 4195 1236 4260 alia
1252 4197 1401 4278 quaedam
1420 4194 1522 4260 similia

428 4299 672 4384 explicationum
694 4297 807 4361 harum
834 4296 925 4359 nobis
945 4296 1134 4381 significavit
1157 4298 1189 4360 S.
1208 4297 1427 4380 Hieronymus
1451 4298 1524 4359 Com·

427 4410 513 4464 nwnt.
529 4401 564 4462 ia
575 4402 608 4462 S.
621 4401 702 4462 Mat.
715 4420 783 4483 oap.
795 4400 817 4461 i.
858 4399 903 4462 Et
919 4421 981 4482 quo
998 4398 1068 4462 loeo
1087 4399 1277 4462 Africanum
1288 4408 1448 4463 memorat
1463 4398 1521 4463 θα·

427 4501 574 4566 soriensis
595 4500 807 4586 episcopusin
824 4501 906 4563 Hist.
923 4521 989 4562 euae
1004 4499 1057 4562 Iib.
1073 4499 1112 4563 υἱ.
1128 4521 1198 4584 οαρ.
1216 4520 1268 4584 3¹·
1284 4521 1323 4562 eo
1344 4501 1471 4564 demum
1488 4498 1521 4560 de

426 4604 507 4667 istao
522 4603 705 4666 narratione
720 4602 767 4665 ita
781 4602 906 4665 loeutus
920 4608 991 4675 est;
1015 4603 1073 4664 Καὶ
1088 4600 1176 4681 ἑτέρα
1196 4604 1228 4663 δὲ
1247 4606 1299 4663 τοῦ
1321 4602 1413 4665 αι’ττοῦ
1428 4605 1521 4682 ’App-

427 4711 517 4768 κανοῦ
532 4703 655 4784 φέρεται
671 4703 816 4780 ἐπιστολὴ
831 4703 904 4782 πρὸς
914 4700 1112 4782 Ἀριστείδην,
1125 4704 1193 4782 περί
1205 4706 1255 4780 τῆς
1269 4703 1460 4782 νομιζομένης
1471 4707 1522 4764 διο·

426 4808 539 4887 φονίας
553 4810 612 4867 τῶν
627 4807 707 4882 παρὰ
719 4805 863 4887 Ματθαίῳ
879 4829 911 4865 τε
927 4805 975 4866 καὶ
987 4807 1087 4885 Λουκᾲ
1107 4809 1159 4865 τοῦ
1175 4807 1309 4882 Χριστοῦ
1320 4806 1522 4883 γενεαλογῶν.

426 4909 460 4969 ἐν
474 4904 493 4992 ᾗ
507 4905 686 4985 σαφέστατα
706 4904 759 4981 τὴν
778 4906 955 4984 συμφωνίαν
974 4910 1033 4966 τῶν
1054 4904 1279 4984 εὐαγγελιστῶυ
1301 4905 1480 4982 παρίστησιν
1496 4901 1521 4974 ἐξ

427 5008 556 5086 ἱστορίας
572 5009 614 5072 εἰς
629 5006 718 5069 αὐτὸν
734 5008 943 5083 κατελθούσης·
967 5006 1003 5082 ἣν
1019 5009 1093 5068 κατὰ
1115 5009 1219 5084 καιρὸν
1244 5007 1278 5067 ἐν
1299 5008 1339 5088 τῷ
1360 5007 1463 5087 κρότῳ
1480 5003 1521 5075 τῆς

424 5111 499 5184 μετὰ
511 5113 612 5189 χεῖρας
626 5105 798 5172 ὑποθέσεως
812 5108 977 5185 προλαβὼν
995 5105 1147 5184 ἒξεθέμην.
