3917 6467
662 1074 899 1139 AFRICANI
925 1076 1217 1141 CHRONICON·
1424 1076 1487 1140 295

388 1232 513 1327 ἑαυτῆς
538 1229 643 1337 ὅπλῳ
664 1234 886 1335 χρησαμεῖνη.
918 1232 997 1312 τότε
1024 1231 1261 1333 Κλεοπάτρας
1285 1230 1389 1327 niodo,
1407 1230 1483 1309 Ἧ-

388 1374 469 1442 λιον
487 1366 545 1442 καῖ
565 1362 739 1464 Σελήνην,
757 1368 815 1446 ε’πῖ
834 1365 1003 1465 Θηβαίδα
1022 1364 1220 1470 φευγόντας
1241 1364 1442 1458 συνέλαβεν
1467 1364 1487 1441 ὁ

389 1495 587 1592 Σεβαστός.
654 1500 851 1583 Νικόπολις
889 1500 912 1598 ἡ
943 1498 1034 1577 κατὰ
1062 1498 1210 1577 Ἀκτίαν
1241 1498 1399 1595 ἐκτίσθη,
1430 1497 1489 1575 καὶ

388 1632 517 1712 'Auia
534 1633 555 1711 ὃ
573 1630 673 1733 ἀγὼν
690 1632 800 1732 ε’τέθη.
857 1633 1132 1737 Ἀλεξανδρείας·
1150 1632 1360 1730 είλημμίνης
1383 1636 1483 1731 πρῶ-

357 1798 450 1856 5τος
477 1763 621 1867 ἡγεμὼν
644 1766 830 1868 Αίγόπτου
856 1767 1032 1863 πέμπεται
1051 1761 1196 1847 Γιίλλος
1217 1762 1429 1866 Κορνήλιος,
1447 1762 1487 1847 ὃς

387 1904 461 1978 τῶν
479 1896 717 1980 ἀποστάντων
735 1901 943 2002 Αἰγυπτίων
967 1905 1108 1978 καθεῖλε
1133 1898 1196 1980 τὰς
1221 1894 1355 1980 πόλεις.
1383 1897 1486 2001 μέχρι

386 2036 490 2111 τοῦδε
519 2037 553 2111 οῖ
581 2035 748 2134 Λαγίδαι·
777 2038 836 2120 καὶ
865 2033 1012 2132 σύμπας
1041 2038 1104 2132 τῆς
1133 2035 1378 2130 Μακεδονικῆς
1405 2033 1486 2133 ἠγε-

386 2167 513 2263 μονίις
536 2165 666 2269 χρόνος
693 2166 784 2265 μετὰ
811 2170 873 2267 ἔτη
903 2166 946 2245 τ’.
978 2171 1042 2265 τῆς
1062 2172 1218 2269 Περσῶν
1251 2166 1487 2269 καθαιρείτεως

387 2305 486 2381 δυοῖν
503 2300 637 2381 δέοντα.
672 2306 845 2411 (legendum
860 2321 977 2380 videtur
995 2301 1086 2401 μετὰ
1104 2301 1169 2401 τὴν
1190 2308 1345 2404 Περσῶν
1363 2302 1486 2382 καθαί-

338 2467 490 2538 ιορεσιν
507 2435 568 2535 ἔτη
586 2434 629 2515 τ’.
650 2454 746 2514 deleto
766 2439 862 2514 δυοῖν
881 2434 1016 2513 δέοντα.
1041 2452 1109 2509 Vid.
1124 2450 1250 2534 notam).
1269 2433 1487 2536 συνάγονται

387 2569 508 2649 τοίνυν
525 2575 559 2648 οῖ
576 2567 699 2672 χρόνοι
716 2566 787 2647 ἀπὸ
804 2567 870 2666 μὲν
888 2572 951 2666 τῆς
966 2566 1186 2647 Μακεδόνων
1200 2571 1312 2673 ἀρχῆς
1330 2571 1387 2647 καὶ
1408 2568 1487 2665 (ἕως

388 2744 443 2803 pro
467 2702 525 2781 καῖ
550 2718 666 2778 Goarus
686 2718 723 2777 ud
743 2738 833 2796 marg.
847 2714 992 2805 reposuit)
1019 2700 1249 2784 καταλύσεως
1273 2701 1364 2781 κατὰ
1391 2708 1487 2781 Πτο-

387 2837 556 2933 λεμαίους
573 2836 633 2913 καὶ
650 2832 716 2932 τὴν
734 2834 937 2913 τελευταίαν
958 2832 1209 2936 Κλεοπάτραν,
1228 2832 1248 2912 δ
1267 2836 1399 2936 γίνεται
1423 2840 1486 2933 τῆς

386 2970 575 3067 Ῥωμαίων
591 2973 807 3072 μοναρχικῆς
824 2969 1013 3070 ἡγεμονίας
1031 2968 1107 3052 ἔτος
1126 2966 1183 3046 ιδ.
1238 2967 1487 3067 Ὀλυμπιάδος

342 3141 350 3179 ι
358 3101 427 3196 ὅδὲ
445 3101 547 3206 ρπζ’.
576 3103 653 3185 ἔτος
671 3101 716 3179 δ’.
775 3100 834 3180 Τὰ
851 3102 1046 3199 σύμπαντα
1065 3102 1125 3200 ἔτη
1141 3100 1213 3181 ἀπὸ
1232 3100 1352 3200 Ἀδὰμ
1369 3100 1485 3212 prod.

446 3234 553 3314 Μετὰ
570 3235 845 3339 Ἀλεξανδρείας
864 3231 1004 3314 ἅλωσιν
1021 3236 1229 3331 Ὀλυμπίας
1248 3235 1341 3338 ἤχθη
1358 3234 1456 3336 ρπη’.

443 3367 608 3470 Ἡρώδης
636 3368 820 3449 ἐπικτίσας
850 3364 916 3465 τὴν
948 3369 1126 3455 Γαβινίαν
1155 3364 1274 3463 πόλιν,
1301 3366 1368 3465 τήν
1398 3402 1486 3448 ποτε

389 3502 601 3603 Σαμάρειαν,
640 3498 832 3598 Σεβαστὴν
869 3499 978 3598 αὐτὴν
1014 3501 1318 3602 προσηγόρευσεν·
1370 3499 1411 3580 τὸ
1448 3500 1486 3581 δὲ

386 3636 537 3714 ε’πίνειον
553 3636 661 3732 αὐτῆς
680 3641 743 3711 τοῦ
763 3632 972 3735 Στράτωνος
989 3670 1127 3738 πυργον
1145 3635 1313 3729 πολίσας,
1332 3637 1403 3715 ἀπὸ
1422 3644 1485 3715 τοῦ

337 3771 497 3851 αοαῖποῦ
526 3768 746 3869 Καισάρειαν
773 3767 953 3847 ε’κόλεσεν·
987 3771 1041 3874 ἐφ’
1062 3771 1209 3873 ἑκατέρᾳ
1237 3769 1322 3848 ναὸν
1349 3769 1484 3869 ἐγείρας

386 3976 501 4036 haidem
525 3976 674 4053 fugientes
693 3978 841 4052 Augustus
862 3996 909 4034 ce-
960 3987 1071 4055 patrum
1095 3977 1231 4034 nimirum
1258 3977 1484 4036 Ptolomoeorum

387 4057 443 4137 pit.
484 4053 637 4134 Nicopolis
655 4055 692 4112 ud
706 4055 854 4113 Actiacum
869 4055 907 4112 si·
959 4066 1131 4131 postremam
1166 4056 1367 4114 concluditur:
1403 4056 1481 4133 quod

385 4153 458 4194 uum
486 4135 684 4204 construitur3
719 4144 749 4192 et
774 4134 909 4193 Actiacus
960 4136 1157 4193 Romanorum
1180 4137 1353 4193 monarchiae
1376 4146 1405 4193 et
1426 4136 1482 4193 im-

385 4215 475 4274 ludus
512 4213 676 4274 institutus.
732 4213 908 4272 Alexandria
958 4215 1032 4292 perii
1061 4234 1138 4271 anno
1165 4214 1319 4272 undecimo
1347 4216 1481 4293 contigit.

336 4306 472 4375 25oupta
493 4293 602 4372 primus
620 4293 742 4372 AEgypti
764 4293 823 4350 dux
845 4292 908 4350 Au.
958 4293 1142 4372 Olympiadis
1151 4313 1220 4352 vero
1233 4295 1385 4369 187.anno
1393 4315 1480 4371 quar·

384 4373 509 4452 guttulis
523 4372 676 4431 Cornelius
687 4372 790 4430 Gallus
804 4373 908 4431 missus
957 4382 999 4430 to.
1039 4374 1193 4430 Annorum
1208 4392 1320 4431 summa
1333 4374 1370 4431 ab
1383 4373 1480 4433 Adam

385 4464 440 4520 est,
467 4452 519 4530 qui
643 4452 749 4509 tiorum
778 4450 813 4509 ad
842 4472 906 4529 per·
957 4463 1054 4511 creato
1068 4461 1113 4509 est
1128 4469 1218 4526 5472.

385 4531 564 4590 duellionem
582 4530 618 4588 de
639 4531 798 4589 eatentium
821 4532 908 4589 urbes
999 4531 1071 4589 Post
1079 4530 1288 4589 Alexandriam
1299 4544 1412 4609 captam
1422 4553 1479 4591 coe-

384 4611 539 4669 subvertit.
595 4610 757 4686 Hucusque
787 4610 907 4688 Lagidoe
958 4611 1001 4690 pit
1016 4611 1169 4689 Olympias
1188 4612 1254 4668 188.

334 4715 375 4771 30
385 4689 575 4755 duraverunt,
600 4708 716 4766 unaque
739 4689 906 4748 Macedonii
999 4691 1133 4748 Herodes
1155 4691 1344 4749 Gabiniorum
1368 4692 1479 4758 urbem,

384 4769 501 4848 imperii
511 4767 599 4827 series
609 4770 692 4827 stetit
700 4778 767 4847 post
777 4768 907 4827 destruc·
957 4770 1112 4827 Samariam
1134 4769 1202 4827 olim
1224 4771 1329 4828 dictam
1350 4791 1367 4827 a
1385 4790 1415 4828 se
1434 4790 1479 4829 re·

384 4859 449 4907 tum
478 4847 632 4906 Persarum
664 4867 785 4926 regnum
816 4868 906 4906 annos
956 4860 1085 4927 paratam
1125 4849 1282 4927 appellavit
1318 4849 1477 4908 Sebasteuz

384 4928 500 4986 duobus
513 4926 610 4985 minus
623 4937 777 4985 treoentos.
810 4927 907 4985 Omne
956 4928 1021 5005 ejus
1048 4948 1165 5005 quoque
1192 4928 1303 4996 navale,
1332 4928 1479 4988 Stratonis

383 5007 475 5084 igitur
493 5007 633 5082 temporis
654 5006 779 5085 spatium
804 5007 840 5065 ab
861 5006 904 5063 in.
956 5008 1025 5066 olim
1040 5007 1144 5065 turrim
1163 5018 1362 5085 nuncupatum
1380 5007 1410 5064 in
1429 5026 1479 5065 ur·

335 5085 491 5168 35stituto
511 5084 705 5143 Muoedouum
727 5085 849 5163 imperio
869 5085 905 5142 ud
955 5086 999 5145 bis
1031 5087 1153 5144 formam
1183 5087 1385 5154 instauratum,
1414 5087 1479 5145 Cte-

385 5165 553 5244 Rbgyptiaci
567 5164 648 5240 regni
663 5164 806 5228 tinemad
820 5163 904 5222 Cleo·
955 5186 1066 5225 suresm
1094 5165 1217 5231 vooavit,
1239 5177 1270 5224 et
1297 5166 1327 5223 in
1355 5176 1478 5242 utraque
