3917 6467
494 1081 537 1149 94
840 1078 1082 1162 RELIQUIAE
1106 1078 1276 1144 SAGRAE.

493 1238 600 1318 νατὸν
628 1244 784 1343 φανῆναι
811 1241 978 1340 γίνεσθαί
1002 1273 1037 1318 τι
1064 1238 1109 1344 ἐξ
1134 1240 1198 1318 οὐκ
1224 1238 1349 1333 ὄντων,
1366 1238 1410 1317 τὸ
1441 1241 1500 1317 καὶ
1528 1237 1586 1321 τός

492 1374 616 1457 οὐσίας
634 1376 745 1457 οὕτως
763 1374 856 1477 ἔχειν
874 1375 1060 1453 δείκνυται.

545 1505 584 1587 ε’.
616 1510 717 1587 Ἐπεὶ
750 1508 787 1588 δὲ
819 1508 931 1592 πόθος
962 1511 1046 1587 ἐστί
1070 1543 1131 1588 σοι
1159 1511 1240 1610 περὶ
1273 1510 1337 1605 τῆς
1367 1513 1442 1585 τῶν
1475 1512 1588 1585 κακῶν

490 1643 665 1743 γενέσεως
689 1642 814 1745 ζητεῖν,
834 1646 892 1723 ἐπὶ
915 1642 979 1722 τὸν
1002 1643 1138 1722 τούτων
1164 1642 1360 1740 ἐλεύσομαι
1379 1637 1505 1741 λόγον.
1533 1642 1591 1719 καί

487 1811 559 1857 σου
597 1778 736 1882 βραχέα
771 1779 949 1858 wettrem
986 1777 1177 1877 βούλομαι.
1227 1776 1274 1857 τὰ
1308 1776 1402 1857 κακὰ
1438 1775 1610 1880 πότερον5

487 1912 605 1990 οὐσίαι
633 1947 695 1990 σοι
723 1914 891 1990 δοκοῦσιν
919 1908 1059 2010 εἷνακῆ
1087 1910 1272 2010 ποιότητες
1299 1913 1455 2006 οὖσιῶνς
1484 1908 1584 1990 ποιό-

485 2079 593 2145 τητας
627 2047 760 2125 οὐσιῶν
787 2047 825 2125 εὖ
853 2046 944 2149 ε”χειν
972 2045 1091 2147 λε’γειν
1118 2080 1179 2145 μοι
1206 2048 1310 2125 δοκεῖ.
1369 2047 1421 2123 Ἡ
1451 2042 1491 2123 δὲ
1520 2048 1587 2142 ὕλη

484 2181 609 2264 ἄποιος
627 2179 671 2280 ἦν
698 2184 757 2261 καὶ
781 2180 1079 2285 ἀσχημάτιστοςς
1109 2183 1202 2259 οὕτω
1225 2178 1426 2282 προλαβὼν
1446 2180 1587 2285 ἐξεῖπον

484 2321 536 2422 τῷ
563 2313 675 2422 λόγῳ.
735 2317 879 2394 Οὐκοῦν
903 2320 932 2393 εί
958 2313 1005 2393 τὰ
1032 2313 1124 2393 κακὰ
1150 2313 1335 2413 ποιότητες
1362 2313 1587 2418 ὑπάρχουσιν

483 2452 669 2551 οὐσιῶν,·ἡ
688 2450 726 2530 δὲ
745 2453 814 2550 ὕλη
833 2451 957 2534 όίποιος
981 2447 1038 2548 ἦν,
1057 2457 1129 2529 τῶν
1154 2449 1191 2530 δὲ
1217 2448 1417 2548 ποιοτήτων
1435 2447 1586 2548 ποιητὴν
1599 2475 1628 2515 ¹0

482 2583 584 2671 εἶπας
602 2587 665 2667 τὸν
684 2587 779 2667 Θεὸν
798 2585 900 2683 εἶναι,
922 2587 1025 2666 ἕσται
1049 2590 1107 2665 καὶ
1131 2593 1203 2667 τῶν
1228 2593 1346 2666 κακῶν
1371 2583 1585 2687 δημιουργός

481 2723 503 2800 ό
536 2721 639 2805 Θεός.
679 2723 736 2800 ὅτε
767 2723 887 2801 τοίνυν
918 2721 990 2799 οὐδ’
1020 2722 1132 2802 οὕτως
1166 2721 1323 2798 ἀναίτιον
1348 2726 1429 2797 τῶν
1466 2726 1585 2799 κακῶν

482 2862 590 2937 είπεῖν
618 2857 767 2937 δυνατὸν
794 2855 859 2937 τὸν
887 2856 994 2947 Θεὸν,
1016 2858 1106 2956 ὕλην
1134 2858 1230 2963 αὐτῷ
1258 2854 1483 2960 προσάπτειν
1514 2891 1582 2937 πε·

479 2992 600 3095 ριττὸν
615 2990 707 3072 εἷναί
722 3028 782 3093 μοι
801 2999 905 3073 δοκεῖ.
932 2999 961 3072 εί
981 2992 1023 3071 δέ
1037 3027 1071 3072 τι
1089 2991 1180 3095 πρὸς
1199 3002 1312 3072 ταῦτα
1337 2990 1457 3093 λέγειν
1482 2993 1582 3097 ἔχεις,

480 3127 594 3233 ἄρχου
612 3140 674 3208 τοῦ
693 3129 817 3231 λόγου.
850 3136 879 3208 εί
897 3128 962 3229 μὲν
979 3131 1019 3208 ἐκ
1038 3130 1255 3235 φιλονεικίας
1279 3131 1364 3228 ἡμῖν
1388 3130 1411 3228 ἡ
1438 3127 1583 3230 ζήτησις
1595 3155 1625 3216 ¹5

477 3267 623 3365 ἐγίνετο,
642 3267 705 3345 οὐκ
733 3264 777 3344 ἂν
804 3267 967 3368 δεύτερον
994 3269 1074 3368 περὶ
1102 3272 1174 3343 τῶν
1190 3270 1321 3367 ,κακῶν
1349 3263 1473 3369 ἠξίουν
1502 3265 1578 3368 ὁρί-

478 3398 612 3500 ζεσθαι.
644 3402 717 3479 ἐπεὶ
737 3400 775 3479 δὲ
794 3401 919 3505 φιλίας
937 3401 1038 3479 ἕνεκα
1056 3406 1212 3498 μᾶλλον,
1233 3401 1291 3477 καὶ
1313 3403 1376 3496 τῆς
1400 3397 1493 3500 πρὸς
1517 3399 1582 3479 τόν

477 3535 637 3633 πλησίον
662 3536 837 3640 ὠφελείας
863 3533 928 3634 τὴν
951 3533 1117 3641 ἐξέτασιν
1139 3533 1334 3633 ποιοίμεθα
1352 3539 1425 3611 τῶν
1443 3533 1579 3635 λόγων,

477 3815 569 3873 nihilo
590 3838 674 3896 posce
695 3820 884 3887 demonstrat,
900 3822 1000 3880 eadem
1052 3822 1225 3900 qualitatum
1251 3829 1398 3878 auctorem
1423 3838 1487 3876 erae
1509 3839 1578 3876 con·

477 3897 506 3954 in
521 3899 691 3957 substantiis
706 3920 822 3978 quoque
837 3901 931 3960 valere
950 3903 1001 3960 de·
1052 3905 1145 3961 fessus
1177 3923 1218 3966 ea,
1246 3901 1301 3959 erit
1328 3898 1406 3957 idem
1434 3897 1577 3957 malorum
1590 3909 1625 3947 20

476 3977 534 4036 bct.
1052 3983 1138 4041 etiam
1160 3981 1345 4039 architectus.
1388 3979 1493 4054 ltaque
1514 3979 1579 4037 Deo

516 4073 546 4133 5.
569 4058 628 4116 Sed
646 4061 782 4136 quoniam
802 4061 838 4119 de
857 4060 1000 4119 malorum
1052 4062 1199 4121 materiam
1225 4061 1384 4137 adjungere
1404 4077 1578 4135 supervaca-

475 4139 674 4216 procreatione
689 4139 799 4215 aliquid
814 4142 914 4199 audire
934 4162 1000 4218 gea-
1052 4162 1138 4200 neum
1162 4152 1215 4208 eat,
1238 4161 1303 4199 cum
1326 4160 1363 4197 ne
1391 4139 1433 4197 sic
1456 4137 1576 4214 quidem

474 4218 522 4283 tia,
538 4219 645 4276 ineam
665 4218 801 4298 deinceps
822 4220 998 4297 disputatio·
1050 4221 1191 4280 malorum
1219 4220 1418 4296 procreatione
1446 4218 1576 4277 solutum

474 4317 540 4355 nem
575 4298 730 4374 ingrediar.
791 4300 838 4358 Ac
871 4301 998 4378 primum
1049 4313 1079 4360 et
1094 4303 1252 4360 immunem
1268 4303 1363 4358 Deum
1382 4300 1489 4356 habere
1508 4310 1620 4377 poa-25

473 4397 564 4455 pauca
579 4398 615 4436 ex
629 4390 659 4435 te
674 4378 811 4437 sciscitari
826 4380 908 4438 libet.
955 4380 999 4438 U.
1049 4382 1097 4440 ais.
1140 4382 1198 4448 Tu,
1222 4383 1246 4439 si
1274 4379 1345 4458 quid
1373 4380 1470 4444 habea,
1496 4379 1575 4455 quod

473 4466 551 4514 trum
574 4478 643 4533 ergo
665 4457 739 4516 mala
760 4461 945 4526 substantias,
960 4481 998 4518 an
1048 4462 1117 4521 huic
1137 4472 1309 4539 argumento
1330 4458 1515 4537 respondeas,
1531 4459 1574 4516 in-

472 4537 698 4596 substantiatum
739 4539 894 4617 qualitates
935 4560 997 4599 eece
1048 4543 1112 4620 cipe
1125 4562 1204 4610 vero,
1217 4541 1325 4600 etenim
1340 4540 1364 4597 si
1379 4538 1576 4598 contentionis

377 4614 378 4618 ’
471 4621 579 4694 putas?
623 4619 856 4677 substantiarum
874 4620 995 4697 qualita-
1047 4633 1077 4679 et
1105 4642 1210 4700 pugnae
1237 4620 1345 4688 studio,
1360 4620 1421 4676 hoec
1448 4639 1465 4676 a
1490 4619 1575 4677 nobie

471 4707 525 4764 tea,
537 4697 643 4775 inquis.
663 4699 833 4758 Materiaut
844 4699 995 4777 qualitate,
1046 4712 1180 4780 suscepta
1207 4700 1369 4780 disputatio
1397 4699 1483 4763 foret,
1511 4719 1573 4756 ma-
1582 4710 1619 4766 30

471 4776 512 4834 sic
540 4777 633 4855 figura
660 4780 737 4837 omni
767 4779 890 4857 spoliata
922 4791 995 4838 erut.
1045 4780 1139 4838 lorum
1162 4782 1303 4840 rationem
1328 4780 1359 4835 in
1382 4779 1572 4855 qumationcm

472 4856 536 4914 Hoc
547 4858 606 4932 jam
622 4869 690 4916 ante
700 4859 827 4936 punitum
840 4858 993 4918 declaravi.
1045 4860 1150 4919 iterum
1165 4862 1259 4919 vocari
1275 4880 1332 4916 non
1348 4869 1471 4936 paterer.
1512 4857 1572 4916 Sed

470 4934 566 5013 Igitur
580 4939 603 4995 si
618 4949 649 4995 et
660 4939 887 4997 substantiarum
902 4938 995 5015 quali·
1045 4942 1180 5016 quoniam
1190 4941 1316 4998 amicitia
1326 4940 1433 5016 potius,
1443 4948 1569 5016 etprcx·

469 5018 906 5086 tatecmalacunt,etmateria
923 5039 995 5095 qua.
1045 5020 1095 5077 imi
1124 5020 1237 5078 utilitas
1265 5020 1294 5077 iu
1322 5017 1489 5095 hujusmodi
1518 5037 1572 5075 noa

469 5091 552 5155 litate
566 5099 646 5156 omni
660 5098 785 5164 carebat,
797 5098 894 5156 Deum
909 5118 996 5175 porro
1045 5120 1206 5159 sermonem
1221 5099 1353 5164 adduxit,
1367 5119 1429 5175 nge,
1444 5098 1520 5157 hauc
1533 5097 1570 5155 de
1578 5107 1612 5167 35
